2481 1749
1151 88 1202 113 No.
1224 89 1299 112 m—
1303 89 1352 114 iv.

254 1010 261 1015 ..
280 987 332 1019 III

409 987 453 1030 (T
471 988 924 1031 5)Itemunasillabaquan-

367 1032 483 1074 doque
511 1032 607 1074 capit
633 1041 817 1064 numerum
842 1033 924 1064 dua-

365 1085 443 1106 rum
457 1076 635 1107 vocalium
651 1074 664 1115 [
706 1074 734 1115 ?]
752 1075 848 1115 quod
863 1085 925 1116 pa¬

365 1121 417 1148 lst
443 1116 478 1148 in
506 1116 802 1158 pronunciacione
826 1118 926 1148 verbi

1028 159 1063 191 (H
1078 161 1104 193 7)
1143 162 1203 186 Mes
1229 165 1302 186 ceste
1326 161 1400 186 reule
1420 165 1461 186 est
1482 169 1539 186 aus-

984 203 1031 226 qes
1051 196 1166 229 obscure
1186 205 1236 229 pur
1252 197 1348 228 jeosne
1367 199 1455 227 gentz,
1480 204 1541 228 pur-

983 239 1030 255 ceo
1050 234 1091 256 est
1108 237 1207 257 mester
1221 233 1282 265 qele
1302 233 1356 257 soit
1375 231 1447 263 pluls
1464 240 1539 257 over-

982 269 1081 291 teraent
1105 267 1231 301 clarifiez,
1261 275 1309 301 qar
1331 274 1430 292 ascune
1453 267 1539 292 foithe

983 303 1130 327 escriverez
1155 304 1266 335 paroule
1296 311 1358 327 sanz
1384 310 1413 326 ee
1436 303 1540 327 double

983 337 1007 361 al
1033 337 1079 369 fyn
1102 341 1129 362 et
1152 346 1250 363 ascune
1276 338 1361 363 foithe
1391 338 1539 363 escriverez

981 381 1081 406 ovesqe
1100 382 1152 398 une
1172 382 1186 398 e
1204 375 1308 407 symple
1328 377 1354 398 et
1371 380 1470 398 ascune
1490 374 1539 399 foi¬

981 409 1025 434 the
1045 418 1092 442 par
1114 419 1142 435 ee
1163 410 1276 435 double.
1313 410 1380 434 Sans
1406 418 1419 433 e
1443 409 1468 433 al
1492 410 1539 441 fyn

981 452 1057 468 corne
1087 446 1209 478 adjectifs
1239 453 1273 469 en
1297 444 1347 477 [le]
1371 443 1473 474 gendre
1504 445 1538 468 de

979 480 1070 505 madle
1104 482 1180 512 verbi
1205 480 1294 512 gracia
1325 480 1419 504 Franc
1451 480 1538 509 home,

980 517 1038 541 rud
1077 517 1156 542 home
1197 516 1263 542 sotil
1294 516 1377 541 home.
1430 514 1538 549 Ovesqe

979 561 993 574 e
1015 552 1040 575 al
1065 552 1110 584 fyn
1134 561 1211 577 come
1235 560 1268 576 en
1293 551 1423 582 adjectyfs
1451 558 1484 574 en
1511 553 1537 576 le

979 588 1081 618 gendre
1107 588 1206 614 femele
1229 587 1305 613 come
1323 587 1431 611 France
1451 587 1538 618 dame,

979 625 1058 647 sotile
1078 625 1163 649 dame.
1196 625 1303 655 Ovesqe
1323 621 1425 645 double
1445 630 1475 645 ee
1493 630 1539 646 co¬

980 666 1021 683 me
1046 658 1104 692 [en]
1130 659 1269 692 adjectyfs,
1297 655 1361 690 qant
1383 655 1411 681 le
1436 658 1538 687 gendre

979 695 1069 719 madle
1089 703 1168 720 avéra
1187 703 1239 719 une
1259 703 1280 723 e,
1301 693 1327 717 la
1346 691 1444 717 femele
1458 700 1539 719 avéra

978 730 1049 754 deux
1062 732 1140 762 verbi
1153 731 1241 762 gracia
1273 731 1338 754 Tres
1351 729 1458 752 honitre
1470 731 1536 759 sire,

979 768 1036 790 tres
1055 767 1177 792 honuree
1197 768 1281 792 dame.

1022 992 1072 1033 (H
1088 992 1142 1034 89)
1167 996 1247 1023 Item
1263 997 1391 1032 quando
1408 1005 1472 1024 una
1488 997 1537 1026 sil-

979 1035 1052 1065 laba
1067 1038 1152 1076 capit
1172 1040 1315 1066 naturam
1336 1040 1467 1068 duarum
1482 1048 1537 1068 vo¬

978 1079 1098 1114 calium,
1121 1079 1172 1108 ille
1191 1079 1253 1107 due
1275 1080 1398 1110 vocales
1421 1080 1453 1109 in
1464 1090 1536 1119 pro¬

978 1123 1185 1150 nunciacione
1219 1123 1445 1158 reputabuntur
1479 1133 1536 1161 pro

1638 654 1694 689 (CO
1712 657 1738 690 5)
1770 657 1898 688 Quamvis
1920 659 2081 691 adjectivum
2099 670 2151 686 ma¬

1591 692 1689 724 sculin!
1714 692 1819 724 generis
1842 693 1972 720 terminet
1990 695 2019 722 in
2033 705 2048 722 e
2068 697 2150 730 plene

1589 728 1764 758 pronunciata
1778 735 1831 751 non
1845 729 1994 758 gerainabit
2011 739 2026 754 s
2044 735 2072 757 ut
2092 736 2148 757 tres

1589 762 1698 789 honure
1715 764 1770 789 sire
1772 783 1778 796 ,

1626 818 1667 845 (CO
1674 819 1710 846 sa)
1733 818 1774 840 sed
1793 818 1815 839 in
1828 817 1978 841 substantîvis
1993 820 2062 843 faciet
2077 827 2103 844 ut
2116 830 2148 844 un

1590 844 1688 867 Countee
1703 844 1810 872 (ashire),
1826 851 1857 864 un
1871 846 1952 866 counte
1967 846 1991 871 (a
2005 848 2099 877 counte)
2124 854 2148 869 et

1587 869 1622 889 sic
1639 871 1737 892 habetur
1754 868 1877 890 diversitas
1888 869 1911 896 in
1926 871 2003 896 parvis
2023 872 2108 895 littens
2124 878 2148 894 et

1589 895 1727 921 capitaübus
1741 901 1764 918 ut
1780 903 1810 917 un
1829 897 1910 917 counte
1918 899 2031 924 counte(e)
2048 900 2072 924 (a
2081 907 2147 921 coun-

1587 922 1641 946 te(s)
1658 923 1766 946 countid'),
1788 923 1816 942 de
1834 921 1856 941 le
1872 921 1959 942 Counte
1973 924 2001 944 de
2019 925 2062 945 fiel
2075 926 2147 946 Coun-

1590 947 1620 967 te»

1633 994 1700 1036 (CO
1716 998 1746 1037 7)
1780 998 2054 1038 Quandocumque
2087 1009 2149 1028 una

1589 1040 1701 1070 sillaba
1728 1041 1811 1078 capit
1839 1045 1985 1071 naturam
2015 1043 2148 1071 duarum

1589 1083 1750 1118 vocalium,
1761 1082 1811 1111 ille
1831 1082 1895 1112 due
1913 1085 2038 1115 vocales
2058 1093 2149 1123 repu-

1591 1129 1695 1154 tantur
1717 1135 1772 1162 pro
