2481 1749
308 166 454 196 dicimus
466 165 571 205 (hanc
580 164 757 194 litterams
767 163 867 194 verbi

305 206 445 247 gracia)
471 206 592 247 dyt(e)z
605 204 741 246 fet(e)z.

1129 89 1180 113 No.
1202 88 1249 112 IV.

967 344 1005 378 (H
1020 345 1065 377 36)
1089 344 1157 369 Item
1184 344 1209 368 la
1243 343 1341 375 primer
1363 347 1478 373 persone

922 382 948 407 el
967 380 1065 414 plurell
1087 379 1120 405 de
1132 384 1193 405 touz
1208 377 1302 411 temps,
1323 377 1349 402 la
1360 377 1477 403 secunde

920 424 1035 448 persone
1062 417 1087 440 el
1117 416 1236 445 singuler
1261 414 1294 438 de
1313 415 1413 445 pretert
1433 412 1478 436 des

920 451 1063 483 indicatyss
1083 452 1160 476 mods
1180 451 1306 482 syneront
1328 445 1383 481 [en]
1401 455 1422 470 s.

963 604 992 629 (H
1001 604 1036 630 37)
1051 604 1084 624 La
1098 603 1198 623 secunde
1212 607 1309 627 persone
1331 600 1359 619 de
1379 603 1431 619 touz
1445 600 1476 619 al-

922 633 968 651 tres
985 630 1058 657 temps
1073 630 1142 651 fmcra
1157 631 1184 649 en
1199 631 1208 649 t
1235 632 1257 649 et
1277 626 1299 647 la
1313 623 1411 647 secunde
1427 632 1476 651 per¬

920 662 975 676 sone
990 655 1019 675 de
1034 655 1117 681 plurell
1133 659 1155 675 et
1168 655 1191 674 la
1202 654 1241 678 fyn
1256 654 1284 673 de
1299 657 1351 671 touz
1358 650 1477 676 participls

920 680 1027 706 syneront
1043 688 1069 701 en
1083 688 1104 702 2.

964 943 1057 977 (ÏÏ38J
1077 944 1180 970 Auxint
1198 942 1239 967 les
1259 950 1326 968 nons
1347 938 1479 975 adjcctyss

921 984 948 1004 et
975 981 1038 1006 tiels
1062 989 1131 1006 nons
1157 979 1294 1003 sustentifs
1314 986 1348 1011 qe
1367 979 1481 1002 sineront

921 1016 945 1040 el
971 1015 1093 1048 singuler
1117 1017 1149 1040 en
1174 1017 1186 1039 t
1186 1032 1192 1043 ,
1220 1012 1277 1038 eles
1302 1014 1428 1047 syneront
1452 1012 1478 1035 el

921 1052 1019 1085 plurell
1051 1059 1083 1077 en
1110 1059 1123 1075 s
1150 1058 1184 1075 ou
1205 1057 1237 1073 en
1257 1058 1268 1072 3
1288 1057 1302 1073 a
1322 1050 1348 1074 la
1369 1047 1478 1073 volonte

922 1087 965 1112 dcl
994 1089 1143 1120 escriptour
1172 1089 1246 1111 come
1274 1088 1422 1110 tenements
1446 1092 1480 1108 ou

927 1127 1064 1148 tenemenz
1066 1132 1072 1154 ,
1091 1131 1135 1150 $es
1153 1130 1204 1148 sez.

1533 158 1642 196 plurali
1669 166 1748 185 atnez
1764 156 1814 195 (ye
1831 154 1924 193 love),
1949 155 2020 184 lisez
2044 153 2092 191 (ye

1533 202 1632 234 rede).

1574 251 1614 277 (CO
1625 251 1658 281 10)
1676 250 1733 270 Item
1747 250 1823 271 omnia
1837 249 1908 270 verba
1925 247 2040 273 adjectiva
2054 247 2092 267 vel

1532 276 1678 301 participalia
1704 275 1851 295 terminancta
1871 280 1912 300 per
1934 278 2014 294 sonum
2027 279 2039 291 í
2053 272 2091 292 de-

1532 302 1588 322 bent
1603 300 1672 322 scribi
1687 306 1737 320 cum
1748 307 1768 324 z,

1575 340 1632 374 (CO
1647 342 1703 373 10")
1723 340 1841 372 exceptis
1862 339 1951 372 primis
1967 336 2090 370 personis

1533 378 1644 410 pluralis
1674 377 1776 402 numeri
1796 376 1943 401 cuiuslibet
1963 372 2090 404 temporis

1534 417 1560 436 et
1574 412 1691 437 secunda
1711 418 1827 444 persona
1846 409 1968 442 prcteriti
1987 413 2090 440 tempo¬

1531 449 1568 472 ris
1582 452 1635 473 tarn
1656 447 1798 479 singularis
1819 454 1898 477 quam
1916 444 2027 477 pluralis
2040 451 2091 475 que

1533 485 1713 509 terminabunt
1736 483 1763 507 in
1784 490 1797 506 s
1817 481 1894 506 salvo
1915 481 1993 513 sign»
2014 479 2090 504 istius

1532 521 1607 544 verbi
1624 520 1716 551 habeo,
1737 520 1780 542 bes
1805 518 1832 541 in
1845 518 1964 541 secunda
1977 523 2092 547 persona

1532 556 1649 588 preteriti
1670 554 1796 587 temporis
1816 552 1930 585 pluralis
1950 552 2061 577 numeri.

1569 702 1610 726 (CO
1621 702 1654 726 xi)
1669 701 1727 720 Item
1739 697 1812 719 omnia
1827 696 1917 717 nomina
1930 696 2049 720 adjectiva
2059 696 2091 716 in¬

1531 727 1664 747 differenter
1677 728 1771 751 possunt
1785 720 1852 742 scribi
1869 727 1919 741 cum
1937 729 1945 742 ?
1962 721 1997 740 vel
2013 727 2064 741 cum
2077 727 2090 741 z

1531 759 1557 774 111
1571 761 1606 774 ces
1620 760 1657 773 cez
1672 750 1757 776 (these)
1773 750 1805 770 les
1820 749 1853 768 Uz
1869 746 1945 773 (they)
1962 751 1986 766 et
1996 747 2041 767 hoc
2051 754 2089 767 ve*

1530 777 1651 803 rwnnîsì»
1659 775 1767 803 procedat
1780 775 1904 794 sonunuut
1912 772 1991 797 toutz(
1993 772 2035 797 all)
2044 778 2088 792 etc.

1534 802 1574 829 (CO
1589 804 1619 830 12)
1654 804 1712 823 Item
1734 798 1806 821 omnia
1833 797 1922 819 nomina
1945 796 2091 818 substantiva

1533 829 1681 849 terminancia
1695 833 1736 852 per
1749 831 1827 846 sonum
1841 830 1852 843 5
1867 824 1951 844 debent
1960 823 2028 845 scribi
2040 830 2091 843 cum

1531 862 1543 874 í
1553 854 1588 881 (ut
1597 855 1715 879 seigneurs
1728 849 1823 878 (lordes)
1829 849 1909 870 dames
1919 848 2029 876 (Iadyes),
2039 849 2091 876 (sed

1532 880 1576 901 hoc
1595 880 1653 901 fallit
1668 878 1690 900 in
1706 877 1780 899 verbis
1795 874 1929 900 subscriptìs
1942 874 2052 896 videlicet
2068 875 2091 896 in

1532 905 1722 930 primis.)

1578 939 1637 974 (CO
1655 939 1698 974 13)
1717 937 1947 973 Quandocumque
1966 943 2093 962 numents

1534 977 1677 1008 singularis
1697 973 1819 1000 terminât
1837 973 1866 996 iu
1887 976 1898 996 t
1907 977 1936 996 ut
1951 976 2093 1000 tenement,

1530 1016 1604 1045 gent
1604 1013 1610 1045 ,
1630 1013 1688 1037 lent
1710 1015 1759 1036 etc.
1777 1009 1805 1034 in
1818 1007 1916 1039 plurali
1930 1015 2040 1033 numero
2057 1007 2093 1031 in¬

1534 1048 1691 1073 differenter
1728 1047 1841 1080 possunt
1880 1044 1962 1069 scribi
1981 1047 2052 1068 'cum
2079 1050 2092 1067 §

1534 1085 1579 1109 vel
1598 1089 1630 1109 tz.
