2481 1749
259 576 311 609 IV

341 102 463 143 gracia
490 102 559 143 jeo,
598 113 662 138 ceo,
693 102 780 141 poet,
815 103 903 133 moet

343 150 406 177 etc.

390 575 435 618 (T
449 577 483 617 6)
504 575 593 608 Item
614 573 757 606 nomina
781 577 816 605 et
829 582 905 604 ver-

348 619 396 648 ba
417 619 566 657 pluralis
590 617 726 646 numeri
741 617 832 645 hanc
846 625 906 645 vo-

349 659 463 692 calem
483 670 501 691 e
525 656 699 692 habencia
722 656 758 688 in
776 656 907 688 ultimis

349 701 484 734 sillabis
507 700 690 743 requirunt
711 698 906 731 hanclitte-

349 754 424 774 ram
459 754 475 773 z
510 754 573 774 ver
575 744 611 773 bi
645 742 769 784 gracia
805 750 879 771 a?ne
880 751 907 780 z,

349 783 541 826 enseignez.

393 850 439 891 (T
452 850 486 889 y)
508 850 599 882 Item
616 849 729 882 diccio
743 848 909 881 desinens

351 892 386 924 in
408 894 424 923 t
444 892 480 924 in
503 891 675 933 singulari
689 900 835 923 numéro
855 899 908 921 re-

352 934 459 974 quirit
481 935 574 963 hanc
596 934 751 963 litteram
767 932 783 962 z
797 932 833 962 in
848 942 909 961 nu¬

352 986 451 1007 méro
485 974 612 1015 plurali
639 974 739 1006 verbi
767 973 908 1015 gracia:

353 1017 494 1059 quando
519 1016 665 1049 dicimus
689 1017 724 1048 in
740 1014 909 1057 singulari

351 1060 411 1100 dyû
431 1058 478 1099 ou
489 1058 561 1099 set,
586 1059 622 1098 in
645 1058 772 1098 plurali
791 1061 909 1087 autem

1567 148 1631 168 una
1675 144 1709 178 ut
1744 141 1816 178 poet
1846 137 2054 176 preponendo
2096 138 2127 166 in

1568 183 1723 220 scriptura
1755 180 1895 211 vocalem
1945 178 2033 217 cujus
2077 178 2129 207 illa

1568 224 1669 252 diccio
1700 225 1849 261 majorem
1870 222 1950 258 gerit
1971 230 2091 249 sonum.

1613 285 1682 324 (CO
1696 286 1729 326 8)
1752 288 1830 315 Item
1851 285 1901 313 ille
1921 284 2029 321 siilabe
2038 283 2074 320 je
2089 294 2127 317 ce,

1560 328 1613 366 jeo
1646 339 1700 365 ceo,
1744 326 1957 364 indifferenter
1996 329 2130 364 passant

1569 372 1664 401 scribi
1686 379 1756 400 cum
1780 379 1816 397 ce
1827 379 1849 397 o-
1873 369 1921 397 vel
1944 378 1973 396 ce
1994 368 2061 396 sine
2085 378 2111 397 o.

1615 434 1683 477 (CO
1698 436 1753 475 49)
1781 436 1862 464 Item
1886 436 1997 469 deaux,
2021 442 2129 466 ceaux,
2152 455 2155 459 .

1572 491 1665 514 eaux,
1689 489 1790 509 veaux
1824 483 1883 507 etc.
1917 477 2131 506 indifferenter

1571 524 1705 560 passant
1726 520 1818 551 scribi
1834 527 1906 549 cum
1921 528 1940 547 a
1956 519 2004 547 vel
2019 518 2086 548 sine
2103 526 2129 548 a.

1618 843 1688 885 (CO
1703 845 1737 885 9)
1767 846 1848 877 Item
1883 846 1977 876 verba
2015 844 2133 883 (singu-

1575 890 1646 919 laris
1670 887 1802 926 numeri)
1829 888 1984 917 habencia
2010 888 2043 916 in
2072 887 2134 916 sin¬

1575 932 1674 967 gulari
1710 931 1841 957 numéro
1879 930 1912 958 in
1948 930 2009 957 fine
2053 930 2135 956 hanc

1575 972 1708 1001 litteram
1742 976 1755 1001 t
1787 970 1947 1009 requirunt
1973 970 2004 1008 in
2025 970 2134 1008 plurali

1575 1013 1656 1045 hanc
1682 1013 1814 1043 litteram
1847 1021 1864 1042 z
1896 1012 1931 1042 ut
1962 1012 1995 1042 in
2028 1013 2134 1051 singu¬

1575 1057 1630 1084 lari
1661 1059 1739 1083 amet
1759 1054 1812 1093 (he
1835 1053 1968 1093 loveth),
2005 1055 2059 1082 lise
2059 1057 2080 1084 t,
2102 1055 2135 1081 in

953 110 1016 130 una
1037 107 1072 143 ut
1085 106 1137 143 jeo
1157 114 1201 133 ceo
1220 102 1281 138 (cea
1297 110 1393 129 ceaux
1410 100 1512 125 deaux

954 143 1124 178 scribendo
1140 157 1174 176 ea
1188 153 1243 183 pro
1259 148 1285 180 e)
1306 140 1512 180 preponendo

954 185 988 215 in
1010 189 1164 228 scriptura
1186 186 1325 216 vocalem
1353 182 1439 223 cujus
1461 182 1515 211 illa

955 228 1058 256 diccio
1082 233 1232 271 majorem
1254 228 1333 264 gerit
1355 235 1476 255 sonum.

999 290 1050 330 (H
1063 293 1120 331 90)
1154 295 1208 323 Set
1235 291 1284 319 ille
1315 290 1426 318 siilabe
1457 297 1514 316 seu

957 334 1119 376 dicciones
1134 337 1187 376 jeo
1204 342 1250 364 ceo
1268 333 1404 370 possunt
1422 328 1515 359 scribi

957 386 1013 415 per
1036 389 1050 407 e
1070 380 1139 409 sine
1163 389 1179 407 o
1202 374 1235 413 ut
1250 374 1285 412 je
1307 383 1346 403 ce.

1006 443 1060 482 (cf.
1082 442 1120 478 H
1133 445 1187 484 89)
