3336 4540
243 442 1340 512 uenoit di grant fort ef iniure sus
246 532 1348 603 auoit este faicse des peusp fedremet
249 622 1352 695 psour oit ef cui cueur en estoit moust
269 712 882 784 soit friste et sosenf.
327 888 1353 962 Comet se rop pepin par fit de fes'
237 977 1349 1050 ce pour qser serssempereur de grece
248 1067 1352 1142 poifer nouuesses desa seur sessissāt
247 1156 1342 1231 Et comment deuant son retour fisf
243 1246 1335 1323 guerre au sous dan qui auoit aMes
248 1337 810 1408 ge consfant mosse.
1089 1346 1351 1433 poi:cha
1083 2547 1213 2619 MI
732 2581 762 2648 le
515 2690 1346 2766 A cesuz femps que se rop pe
501 2783 1337 2854 puieut nouuesses de saseur
513 2872 1352 2945 Bessis ant sans grat seiour
236 2964 1339 3036 et sans disacion mist son ost sur ses
251 3049 1343 3123 champs et engrant puissance et eps
240 3142 1335 3213 cercite se parfif de paris pour aser
238 3231 1343 3302 en consfantinos se sers sempereur de
248 3321 1351 3392 grece porfer nouuesses de sa femme
244 3411 1340 3481 cinsique deuant ẏous cẏ fait mens
243 3499 1350 3575 cion.I fis gr ant disigence fesseief
233 3587 1352 3662 que en fref femps arriua ensa cife de
239 3678 1349 3755 rome.La fuf receu du pape a grant
243 3773 1341 3845 Moneur et reuerese.Car de fa foẏ cre
1462 446 2550 521 ffiemne iur fous ses quitres princes
1443 535 2540 609 estoif grcẏ defenseur cupiuiateurr
1443 629 2541 698 propice au pasaẏs apostosique disn a
1448 716 2540 787 icesuẏ iour quec se pape q fup copt a
1437 809 2537 877 nou uesses du souss an sarr csi qla
1444 902 2538 966 cite de consf anfmosse ouoit as' iege.
1447 987 2543 1055 Et ainsi que de cesfe mafiere ensemẏ
1440 1078 2540 1147 Ose deuisoient arriua Oong cheu qs ier
1441 1167 2552 1237 de gre ce.se ques apres qe eust sasue se
1455 1259 2552 1328 Pape feroẏ ef tous ses assiifens en
1447 1349 2551 1417 moust grat reuerece is suz adit." Jaĩt
1448 1441 2550 1508 pape qui eses dieuen ferre sachez q
1455 1529 2546 1595 que sarr ains agr ant force es purss
1465 1619 2548 1687 sance darmes onf.qs iege ef mẏs en
1476 1706 2548 1779 usiecsion sa cecre ef se paẏs de costā
1441 1801 2548 1866 finosse.Sisous mande sempereur
1443 1888 2560 1956 de grece par moz que poire sa foẏ cre
1461 1976 2551 2048 iemne garDer et conser uer emsi que
1445 2071 2547 2138 par rapson faire se deuezSus surẏ en
1445 2159 2545 2229 uope z parde fa secours es conforf oit
1448 2247 2534 2320 austremefs ous serez cause de del ais
1463 2338 2557 2410 ser se pars perdre etsa foẏde ne sus
1456 2427 2556 2502 crist diminuer.car sansGoẏire aide ef
1464 2519 2558 2590 se cours en ce gr ant Besoing remedier
1443 2609 2552 2683 nẏ peut.Quant se pape oẏt ces nous
1456 2699 2557 2772 uesses.is fut moust criste es des plais
1477 2790 2556 2864 ant ef demour a moust pensif.maĩs
1454 2879 2542 2955 se rop pepin qui sa estoit presēt se res
1447 2969 2548 3048 conforfa grandement en iuẏ dis ant.
1466 3061 2550 3139 ait pere prenez ensoscour age et fer
1448 3148 2555 3228 ine resconforf.Qar sesaisser me foit
1443 3240 2548 3320 sez desoffre genf romame uiss ano
1447 3331 2552 3411 Ore su ffisnt le ses coduir aẏef merap
1445 3418 2555 3498 deuers conff anfinos se cuec mon ars
1444 3509 2558 3591 mee ef fanf feraẏ asa grace deoiei
1443 3598 2545 3682 pour sa foẏ creffiemne que se soufs ars
1439 3690 2552 3771 ef son armee ie me ffercẏ ns ifu per a
1432 3778 2555 3862 Nse cofusion.car nusse qustre chose ie
2217 3937 2347 4017 si
