3460 4628
858 480 1982 550 ne cuidoit que nus ne fust cu paẏs de
855 572 1986 638 plus grant preusomie."Quant sas
854 661 1992 731 ienfui fut ou chasfe au entre fz font
871 752 1979 820 pris rutentet et mene dedessnefour
855 844 1983 911 os seure et tene ẏreuse et au psus par
873 935 1984 1005 sont dune grant fosse en prison sont
849 1026 1988 1092 boute.Et quant sasentin fut enfa
864 1116 1984 1185 tour ecl oz le prit piceusemiet apsoit
857 1208 1988 1276 rer.en priant ef recs amant dicu et la
863 1299 1979 1367 oierqe marie qui fupdonassenf gr as
849 1389 1988 1460 ce de cesieu eschapper.Besas dit sa
864 1480 1984 1551 sentus oi fuis ie senu csa chose que
863 1573 1984 1643 pius ie doustoẏe.Cest aN auoir es
850 1665 1985 1736 iil ains de mes ennemẏs ef de ceusp q
850 1755 1976 1827 ma mort desirent de iour en iour de
854 1843 1986 1920 niandent et pourchassent.Sirequi
846 1936 1990 2010 ers ai dieu deuofement que de ce fiup
854 2029 1980 2104 d anger ne sesse secourir.Mesas fon
862 2119 1980 2190 r op pepin.lamais sour de ma sie ne
863 2211 1979 2283 s ous serr aẏet de ma mort riens ne
886 2301 1979 2377 aurez.Qar en cesie fosse osseure ef
866 2395 1974 2469 orde me couiendra mourir.Asieu oi
878 2484 1979 2559 oi adieu soẏez fu:car pour samout
864 2574 1984 2651 de moẏ fu qs fa mort sofferte.Et se
854 2665 1956 2744 tu maẏmoiez damour parfaite aul
867 2758 1976 2830 si faisone se foẏ.ou fant ef plus sse
859 2848 1982 2925 tri eusses este niosi propre frere.He
864 2942 1984 3017 sas ma dousce mere que iaẏ fauf dese
866 3033 1976 3108 ric de sous de oir iamais de so nas
862 3124 1974 3198 ur aẏ cognoissance dont frop ameres
860 3216 1983 3291 met nio poure cueur souspire ef mes
864 3307 1976 3381 peusp sondenf en farmes sur stosses
860 3397 1972 3473 ps uss osens.quant is ne faust mous
865 3492 1988 3564 rir sans se auoir qie suis.mais quāt
868 3581 1978 3653 ii plaist aieu que tessemet mourir
857 3671 1969 3744 ie doẏe.ie sus recomande nion anie en
858 3762 1980 3836 tesse maniere se copsaint sasenfin de
861 3856 1969 3930  ens sa chartre os seure.et ses sausẏ
2083 477 3235 547 ennemis sonf parmz se chaste cu qui
2085 569 3206 638 enfre euss de ion fait fiemefseur co
2107 660 3230 732 seis.Lors aus cuns on dit seigneur s
2092 750 3216 820 se psus eppediēt remede qui ioif cest
2092 842 3222 911 Se faire mourir sas enfin sans quss
2087 933 3223 1004 tre desiser atis.Seigneurs dit grē
2089 1024 3213 1097 gar de feffe chose iene suis pas cons
2100 1114 3222 1186 senfant.Mlais dopoinionz que nous
2081 1202 3209 1280 gardonssas etin ensa prison seques
2084 1296 3177 1367 ne nous prut eschappoer.Et que nou
2086 1386 3207 1457 cisons deuers sauffrop et henr ẏseur
2091 1476 3217 1548 Sire etr acompfer se fait de ceste ens
2092 1569 3225 1642 fre prinse si nous seaur onf doner cō
2094 1659 3201 1730 se i sur cesse matiere.A cesuẏ conseis
2116 1750 3206 1823 acorderent fous ef furent desiferez
2085 1843 3187 1911 daser ai paris oueffoit pour fors se
2088 1934 3212 2004 roz pepin.Dr igar aps ce csseis pries
2095 2023 3204 2098 cheinu pour aset a paris.ef orson ess
2086 2119 3220 2189 toit dedens se sois piteusp et psous
2083 2211 3206 2277 r ant qui fouse ceffe nuẏt auoit repo
2100 2299 3207 2372 se au pie dung ar fre.et quit se iour
2104 2391 3208 2457 fut senu is se mist en cheniu et par
2075 2483 3205 2550 fuz sest pese que iamais naresfer a qe
2081 2573 3208 2643 naif fait sauoir au roẏ sa maniere de
2081 2666 3208 2736 sa fraẏẏson.ef conment sasentin a
2076 2756 3204 2824 este prins et emmene.Ia prins son
2089 2845 3208 2916 cheminet psus tost que ong cheucs
2082 2935 3201 3009 ci paris est couru.mais premier ẏar
2083 3028 3203 3098 riua grigar se frqẏẏfre ef ainsi q fut
2083 3114 3205 3189 au pasais entre.is c' sers hauffrop
2078 3211 3190 3280 ef fuẏcopt a se cas coment sasentin
2087 3300 3204 3372 effoit prins ef emprisone dont ie fut
2072 3391 3171 3465 moust ioieusp.mais mouEtis fuz de
2082 3485 3192 3556 pseut quanf on fur dist que orss est
2080 3576 3194 3644 eschappe.nonos ffant is se confortoit
2078 3667 3192 3742 de ce que ozson ne seaur oit ref ourner
2075 3759 3200 3830 ci paris et oustre psus de ce que poit
2065 3849 3196 3926 ne parsoitef quine seaur oit pasras
