3300 4516
217 426 1335 503 valentin vit quil estoit naure. et de
220 515 1332 594 toutes pars assailly de ses ennemys
203 605 1327 682 a dieu se recommanda et a la vierge
206 694 1323 773 marie puis leur a dit. messeigneurs
220 782 1333 863 ma mort auez iuree. et voy bien maī
226 873 1322 953 tenāt que par vous a tort et sās cau¬
240 962 1326 1038 se me conuient mourir. mais se dieu
210 1053 1322 1131 plaist en cestuy iour ie vous vende¬
219 1145 1322 1220 ray ma mort. tant et si chierement q̄
219 1234 1334 1310 iamais to⁹ ensemble vous ne retour
208 1326 1337 1399 nerez. Et adonc tyra son espee et de
224 1413 1333 1493 telle maniere frappa le premier que
228 1506 1335 1577 deuant luy trouva que il luy fendit
212 1592 1302 1669 la teste iusques aux espaules et puis
219 1684 1321 1758 mourut. Puis ala aux aultres par
228 1775 1335 1846 si tres grant courage que devant que
208 1866 1322 1937 il arrestat ne que de luy osassēt apro
216 1952 1334 2024 cher il en abatit cīcq ou six to⁹ | mors
212 2044 1331 2116 parmy le bois. Et orson sault auāt
212 2132 1316 2206 tout effroye atout ses grādes maīs
211 2226 1325 2293 velues frappe et deschire tous ceulx
210 2313 1331 2383 qui treuue parmy la voye en telle ma
210 2403 1323 2475 niere que de |ses ongles les deschire
200 2493 1326 2564 et de ses dens les mort et estrangle.
235 2582 1320 2653 Il les gette par terre lung sur lau¬
223 2671 1332 2744 tre puis passe par dessus en les frap
218 2762 1323 2834 pant et murtrissant moult layde¬
216 2853 1328 2923 mēt. Valentin est daultre part qui
223 2943 1328 3012 tient lespee toute nue dont si vaillā
217 3033 1316 3104 ment se combat q̄ nul nose des deux
235 3126 1328 3194 freres aprocher. Grigar crya tout
224 3213 1318 3284 hault valentin rēdez vous. car mou
215 3303 1332 3373 rir icy vous fault. Lors lenfant va¬
219 3397 1328 3465 lentin a dieu se recommanda quil le
220 3486 1322 3552 veulle garder de mal et a son besoīg
237 3575 1336 3643 secourir. Puis tira vers Grigar con
215 3665 1323 3735 tre luy si cōmenca bataille de grigar
215 3757 1329 3825 et de ses gens piteuse a cōpter encon
