3300 4516
93 3709 163 3863 s
228 424 1348 504 compfer sa maniere de cesfe enfre pri
250 513 1349 598 se.Mais seur snfefion futẏien four
228 602 1347 687 nee au reuers.Aar orson ne seiours
225 692 1345 779 na pas songuemef qfantost a paris
229 781 1349 867 arr iuc.Et a cefus iour ql fut sem̅t
232 868 1342 957 ses deupitr ahitres auoiet puie cose is
229 962 1338 1045 enfreeuss cigrigar deuoit sendeul ain
228 1052 1333 1136 ref ourner au chasfe cu pour fasre mō
241 1142 1343 1222 eir sasen tus sans msse remision.de
242 1234 1343 1314 Donne ẏeure arruc oisonz c ce iour se
234 1320 1348 1403 ques tout aussi fost q fut aui pasais
242 1412 1344 1492 enfre is monfa concremonf cfians se
242 1502 1347 1584 iour ne disafion enfra dedens sa sase
254 1591 1352 1675 paree ensaquesse estoit pepin se son
244 1684 1348 1762 rop qui pour cesse heure effoit a fas
244 1774 1342 1854 Gseass pour diner acompaigne de
236 1864 1345 1944 plusieurs nosses cheu asiers.Qunt
250 1954 1352 2034 pe pin sit orson fien cuis ai que salt
253 2043 1359 2121 cuni fuf retourne Dison cs oit par sa
272 2133 1357 2214 ase pieusemet criac et safat sa foz
239 2225 1338 2298 cesse gour saquesse chsse se rop ef fol
256 2316 1365 2390 ses austres sof fort regarde.ef quif
256 2405 1338 2482 orsonsit ses cheu asiers asa tasse as
264 2493 1352 2572 Nis se ses regarda moust ẏorrisses
252 2585 1350 2662 ment en sailant ẏẏdeusp signes.sors
256 2674 1353 2751 cauisa et congneust grigar enfre ses
244 2764 1350 2839 auftres qcenoit sa fesfe encsinee con
272 2855 1355 2933 fre sa fas se pour douste deffre cons
260 2947 1360 3020 gneu.Qu ant orson se sit is couruf
262 3034 1360 3109 cesse part et sẏ gr anf coupsuz dome
266 3126 1354 3197 que sone oresse fus quasa asas.puis
286 3216 1359 3289 r apoe de rechief pardes'sesilaĩge
261 3307 1366 3378 Ong si fozflet puissant cout que ses
263 3396 1362 3466 Bes su ẏrompit ef ong oueifsuẏ cre
259 3487 1367 3557 ua.dont grigar se prit aerier moust
276 3575 1371 3648 N aust fant que fous ceusẏ de sa sase
270 3663 1362 3738 onc sa noise et se desaf aperceinr. Et
275 3757 1376 3829 ozson ret ournci arriere quisẏ gr ant
1447 421 2530 494 coupfup domra que aferre fas asĩt.
1452 514 2520 584 ef sigeffa as as fa tasse ef fout ces
1444 602 2533 673 estoit dessus.de quos foute fa com:
1437 692 2544 763 pagnie fuf foute esmer uefsee efforf
1456 785 2528 851 tr oussee.et sa fust morf gr igar par
1433 870 2534 941 or son se sauuaiqe se ne fust ẏngs ais
1450 961 2544 1030 sanf prince qui sa effoit q'des mains
1440 1049 2542 1121 orson se geffe.puis adit fout sauĩt
1453 1140 2548 1212 Desas sire roẏ.Doẏez ef cons" serez
1452 1230 2544 1299 se piteuss point en quoẏ se sauuoige
1444 1319 2542 1390 orson c mis ceffur ss cheucsier pour
1462 1410 2528 1477 dieu sire faitez que sasie sur soit os
1451 1495 2540 1570 tee.Car tr opest chose perisseuse se
1444 1583 2551 1661 tes home garder.Seigneurs ce
1445 1675 2543 1750 oit se Soẏ sur cesie maflere conuĩs
1443 1772 2539 1839 enf auiser par fon conseis.Qar ies l
1446 1856 2544 1930 promefz et qinsp se se cros que orson
1453 1946 2549 2021 se sauuasge sans auscune grant caus
1462 2038 2547 2110 se na pas frappeDr igar.faites se
1451 2128 2549 2198 senir deuant moẏsẏ seaur aẏson ms
1459 2218 2555 2294 tenfionet sa cause de son des cit.Or
1475 2310 2555 2380 son fuf amene deuant seDoẏ.Lors
1461 2395 2547 2470 fupdemand'a se Aoẏ pour quos n
1461 2484 2561 2559 auoif faif deuant sa masesfe roẏ asͤe
1476 2576 2551 2648 i grant oustraqe.Etedrson fus ci
1473 2669 2556 2739 fait signe que Drigar auoit fue ef
1457 2759 2551 2830 mur frẏfauscement Dasenfin enfa
1474 2847 2550 2920 foresf.puiss a mostrant signez mers
1458 2937 2560 3009 ueissenz que de ceffe chose is se sous
1466 3027 2552 3101 soit comẏafre confre rgar pour
1470 3120 2554 3189 sop de champioiz pour sup faire. des
1460 3207 2564 3282 uant fous coufesier sa maussite en
1459 3297 2519 3372 fre prinse ef dampnaDse fras.ẏion.
1472 3389 2566 3460 Puis ci fire son chapperon Et par
1468 3477 2566 3552 mouss granf oustr age sage fle ci gri
1484 3564 2565 3646 gar par maniere de garge et de sest
1462 3659 2554 3731 ance.et queint se Toẏ sit cesa il ap
1468 3751 2550 3824 pessa ses sesgueurs ef cus feessaroS
2414 3879 2499 3950 e f
