3300 4516
278 430 1346 503 que toute la porte en retentist. Et
284 517 1401 593 valentin se print deffousrir pour
291 612 1398 682 quoy orson cogneut bien que valen¬
277 701 1397 774 tin faisoit ce pour lessaier. Si a fait
310 792 1386 869 signe valentin qui voise reposer et q̄
282 882 1398 953 de riens il neust paour ne sousy. car
287 973 1386 1042 bien le gardera. Puis orson se recou
280 1060 1393 1131 che deuāt le feu son baston entre ses
278 1150 1385 1225 bras. Et valentin fut toute la nuyt
288 1245 1384 1313 au pres de luy qui toute la nuyt veil
283 1336 1391 1403 la et riens il ne dormit pour doubte
287 1425 1398 1494 quil ne fust assailly. Car tant fut le
276 1516 1380 1584 bruit grāt que chascū laissa sa mais¬
293 1604 1346 1674 son et se retrahirent en lesglise. Et
292 1696 1398 1764 toute la nuyt sans repos sonnerent
281 1784 1398 1853 les cloches pour le peuple assembler
287 1873 1381 1944 qui a grant nombre et puissāce dar¬
280 1964 1389 2033 mes toute la nuyt pour orson firent
