3436 4628
849 472 1963 538 ie ferope soffre infenfion anichissee
845 562 1950 628 qui a iamais ser oit confre nonSono
839 650 1951 720 oeur repioiree.Nisse dist se duc dac
854 742 1950 813 Et uie moust ẏaustemenf auez pars
852 833 1928 901 se et sien me psaist soffre responce.
865 918 1964 991 Or faust is Je auoir du cheuasier siē
850 1008 1950 1082 sous saus ora prendie pour femine
843 1105 1951 1175 et sis en est content.efuz domer aẏ
848 1194 1956 1264 pour se mariaige de sous dac quit as
833 1285 1941 1356 ne sa moẏfie.La fuf presentsas etin
853 1376 1957 1447 qui par signes et paroses demanō a
841 1465 1949 1538 ci orson sa sousenfe es mnfencion.Et
837 1556 1947 1628 is suz afait signe que lamais austre
831 1649 1949 1719 ne seust auoir que sa fesse fezoine.
833 1740 1950 1809 Ainsi furet ses deus par fles dacord
835 1827 1947 1901 de safsse chose ceuss qse sceurent en
845 1920 1940 1992 surent loẏeus ẏ.Le duc sit fant ost fe
827 2011 1946 2083 nir ong euesque pour oison et sa fef
835 2103 1939 2173 se fe zonne fiancer.efseur faire pros
824 2193 1937 2266 iiettre de sung saufre espouser pour
828 2287 1944 2357 se femps auenir en soẏcs mariage de
836 2376 1941 2447 mourer.Nus trement ne espouserent
831 2467 1951 2540 sungsautre pour seure presenfe fors
836 2560 1950 2629 que for promise.Etne faust pas de
825 2644 1940 2723 manDer de sa feffe etde sage ade frmĩt
832 2742 1921 2814 phe ne epessente ioheuse fe.ne fous leS
823 2834 1935 2904 Pas q parmup aequit qine furent faĩs
829 2926 1944 2995 Car ser ccompfer ser oif frop grant
831 3012 1946 3086 Mais comsien que eison eusf iure
821 3106 1937 3179 Et proinis de prendresa Besfe fezome
837 3198 1949 3270 Sẏne sespouser qi is pas ne samaĩg
833 3290 1945 3359 ai son coffe esfe ne coucher auisques ci
843 3379 1936 3453 fanf que par se sousoir de dieu seas
821 3475 1946 3541 ur a parfer sonsang aige.ef que Sci
828 3562 1944 3631 sentin ait conquis safesse esclarmōs
836 3650 1944 3724 De.desquesses choses se seus menelo
827 3743 1944 3817 onfaire cẏ apres fouf cu mieusp que
2053 471 3199 546 nion enfendement et pefit engunse
2059 564 3058 639 pourra compiendre et decfairer.
2141 743 3165 814 Comment sa nuẏfque oison eust
2059 835 3176 906 iure sa feste fezome sange saparut cai
2056 924 3165 997 s asenfiiS.ef du commandement qui
2059 1021 2307 1095 surr fist.
2870 1020 3167 1094 pei.chap.
2321 1195 3172 1266 Pres ce que orsoi eust iire
2311 1287 3165 1359 sa sesse fisse di duc dacquis
2322 1374 3181 1451 faine est aN auoir sa tress
2046 1465 3165 1545 psaisante fe zome en icesus iour fust
2050 1558 3170 1634 demene grant soẏe par fout se paẏs
2058 1646 3172 1726 senuiron.Qar de sasseinssee furenf
2050 1741 3158 1817 sopeusp fous ses seigneurs de fa fers
2056 1828 3167 1907 re.en iope efensoufas passa se sour
2060 1919 3164 2001 tant que sa nurt fust senue qui fust
2056 2010 3159 2090 femps de prendie repos.Le duc dac
2050 2100 3160 2180 quit aine se refraẏẏẏt deuers sa cham
2040 2193 3153 2272 Pre pour dormer et prendre son repoes
2046 2286 3160 2360 Et cẏascun sen asa en son oro oman
2058 2376 3137 2453 ce aup champres come esses seur es
2049 2466 3155 2545 toient ordonnee zef deferminee zDa
2047 2555 3163 2635 sentin etedrson sen aserent enone fes
2057 2649 3159 2726 se chasie qui deferminee feur estoit.
2047 2740 3163 2818 en sng se qu fit pare fup ef oison res.
2040 2830 3163 2907 poserent ceffe nuẏt.Et quant sint
2045 2922 3165 2998 deuers sa muinuẏt par se soufoir de
2062 3012 3158 3090 sieu se souf puissant ẏng inge saps
2044 3109 3146 3180 parut aDasenfin.sequessus caidnst.
2052 3194 3148 3277 Dasenfin Saches que par mop sier
2051 3287 3165 3368 se mance que demain au mafin fi fe
2046 3376 3149 3456 par fes de cesfe ferre ef maine quecs
2042 3466 3158 3550 cop Orson se sauuaige par seques fe
2049 3562 3148 3640 " Sers cheuafier aeste conquis et sang
2039 3650 3154 3728 nus seiour de dis afisfaires ci cui cha
2045 3743 3151 3825 Ne cu de ferr aguet fa fu fr ouuer qs
