3300 4516
260 366 1365 455 fer se pof a ferre ef ci commence c ses
252 453 1350 543 courre sa fesie. "Dont seToẏet toue
252 543 1360 632 ce usp de sa court onf moust commien
258 630 1358 723 ce ai rire.Et quant sa nuit futfenue
266 721 1364 816 cDasentin fut saisseesne cẏamPre
260 813 1366 903 pour coucher:enfaquesse fuf ord on
254 902 1369 991 ne ef pare ong sẏt pour orfon.niaĩs
268 991 1368 1079 pour ne ant ont se fit appareisse.car
296 1082 1373 1168 li tost quis entea ensa chamPre Jese
267 1171 1365 1258 coucha a ferre ef fant ost sendormit.
276 1264 1375 1346 Mar qusfremeuf nauoit aprins de
288 1360 890 1438 Oormir.ensa foresf.
358 1526 1375 1612 Coment ẏauffrop et henrẏpour
277 1619 1315 1708 seur enuse prindrenf conseff pour
279 1712 1388 1797 tuers qs entinensa chamOre desa sef
1060 1803 1392 1876 eiii.chap.
276 1820 692 1886 se esglenfine.
592 3260 1429 3343 Oust fut loẏeuse et plaiss
584 3350 1416 3435 te sa fesse esgsentine de ce q
306 3369 404 3444 ni
584 3440 1436 3525 Nasentin auoit se sauuais
326 3531 1427 3615 ge conquis.Si fuz manda parhone
326 3621 1421 3703 damoisesse quif fus amencst Orson
335 3710 1437 3800 se sauucilqe.Lors Dasenfin appessa
1453 352 2551 431 orson si se prinf par la mauzse se me
1444 444 2547 522 ncaensa chamẏre de esgsenfine eni as
1462 534 2563 609 quesse auoit pfusieurs dames ef da
1454 623 2559 703 moisesses qui sousenfiers regardes
1460 715 2563 794 rent orson.Et oison enriant se ge c'
1461 803 2563 890 fa sur ẏngfitet regardases danles
1460 892 2567 977 enfaisant plusieurs signes et ii.nie
1474 982 2568 1070 res.q'qiug dames effoiet moust plai
1489 1072 2561 1161 anfes.mais tout ce quif fatsoit poit
1472 1159 2560 1248 ne senfendoient.Aequos esses estoẏs
1462 1251 2566 1338 enf moust desplassantes.Si appess
1482 1342 2576 1427 ferent Sasentmnetfuz demander ef
1476 1430 2568 1517 que ceffoit que se sauu asqe seur mos
1496 1519 2568 1606 ffroit par ces signes.Etasentuz
1478 1613 2572 1697 feur dist.mes dames sachez de sraẏ
1480 1699 2582 1787 que se saun asge monsfre par ces sis
1492 1791 2589 1880 gnes que noust sousentiers souss
1492 1882 2592 1966 " Oroits aiser ef acoser ses Banies ef
1482 1972 2577 2056 damoisesies qui ies sont.dont esses
1486 2060 2591 2143 commenceref ci rire ef regarder fune
1486 2149 2597 2237 sautre.Et ainsi que ensemsse se des
1492 2238 2587 2324 uisoienf ef qui sess afdẏent en sa cha
1482 2326 2602 2420 Pre de esg'enfine pour sa senue ou
1529 2419 2600 2509 auu aige.Pauffr oẏsint deuers Sen
1483 2513 2592 2598 rẏ ef sup ci dit De cui frere frop ma'
1500 2599 2593 2688 Ganoffre fait.Aarsous soẏez qce
1496 2687 2598 2782 garson meschat et masseureus froit
1494 2781 2608 2870 ue Dasentin de iour en iour mofe et
1503 2866 2599 2962 cier oisf en ẏomeur entre ses princes
1520 2956 2603 3053 seigneurs ef dames.ef enfreses quss
1515 3044 2601 3144 tres choses seRoẏ estf plus defupas
1514 3137 2616 3232 moure usp quis nest de fung de nous
1521 3224 2605 3323 Laquesse chose esf et peust estre en
1514 3317 2610 3417 gr anf anisement etsassement de no
1532 3404 2602 3502 stre someur.Nauffrop ce dist heurẏ
1521 3491 2608 3593 sous dicces ẏerite et parsez comme
1554 3585 2612 3682 age ef quanf a mor ie ne faẏpoint
1532 3679 2609 3771 se douste que par fupꝯne foẏs nol
2408 3851 2559 3920 d ui
