2481 1749
1070 87 1122 109 No.
1143 87 1228 109 VIX—
1234 87 1312 111 VIII.

2154 150 2196 210 16
928 160 1006 189 mele,
1030 160 1068 183 cil
1085 162 1109 184 et
1136 160 1209 189 celle,
1236 160 1259 183 il
1278 161 1304 183 et
1323 159 1383 188 elle,
1413 158 1486 183 l’une

929 198 940 220 l
955 196 1104 220 enterlesse
1126 203 1158 219 en
1178 195 1280 226 lisant).

927 337 960 360 N
984 336 1133 361 escriverez
1172 338 1246 361 corne
1281 336 1331 360 ion
1355 336 1432 359 home
1461 340 1486 360 et

928 373 978 395 bon
1002 381 1059 402 gre
1079 377 1105 397 et
1132 373 1263 403 illeosqes
1288 380 1357 395 serra
1381 380 1398 394 n
1418 380 1485 395 sone

926 413 974 439 par
994 414 1044 431 son
1060 415 1129 432 soun
1140 408 1238 432 devant
1257 405 1363 434 vovele,
1375 408 1400 430 et
1409 405 1484 431 lirres

927 444 993 466 bons
1013 445 1124 469 homme.
1146 445 1172 468 P
1191 452 1266 467 corne
1287 446 1352 474 oept.
1378 442 1399 466 S
1409 450 1485 467 corne

927 485 1014 502 ascim
1027 483 1053 504 et
1062 479 1140 504 lirres
1152 487 1232 504 acun.
1256 478 1281 503 T
1289 478 1386 502 devant
1392 485 1485 502 conso¬

925 516 991 538 nant
1013 516 1160 539 escriverez
1184 519 1210 539 et
1229 514 1306 538 lirres
1331 514 1356 536 d.
1378 513 1486 539 Devant

926 550 1023 574 vovele
1052 550 1093 576 dit
1119 553 1159 576 est
1190 551 1211 576 il
1235 558 1268 575 en
1292 548 1362 574 droit
1387 548 1422 573 de
1451 551 1483 580 /<’,

927 585 982 608 elle
1003 594 1063 610 sera
1082 587 1185 616 cliange
1211 593 1245 609 en
1263 593 1280 608 v
1298 592 1331 608 en
1350 584 1375 607 le
1394 586 1485 610 vnadle

925 623 950 645 et
971 629 1003 646 en
1024 622 1051 646 la
1071 623 1178 651 femele,
1198 629 1231 646 en
1250 621 1276 645 le
1292 619 1381 645 madle
1403 620 1484 647 livrez

926 663 959 680 en
972 657 1052 682 droit.
1072 658 1116 683 De
1140 658 1171 688 G,
1191 657 1268 682 lirres
1289 659 1368 680 avant
1387 658 1485 684 vovele

925 700 1001 718 corne
1021 696 1110 724 rougs
1130 696 1208 717 home
1209 711 1215 717 .

971 738 1008 775 (II
1022 739 1066 773 98)
1087 741 1121 766 Et
1139 740 1232 766 sachez
1244 747 1277 772 qe
1289 738 1437 768 Fraunceis
1451 751 1485 767 ne

926 784 999 801 serra
1019 785 1067 810 pas
1088 778 1185 809 escript
1196 776 1217 800 si
1229 779 1395 802 courtement
1409 787 1484 804 corne

924 812 1021 845 Latyn,
1049 822 1096 844 qar
1124 811 1268 837 Fraunceis
1285 812 1421 839 demande
1440 824 1484 847 pa-

924 849 1016 873 roules
1037 850 1146 874 entiers.

972 896 1009 929 (II
1022 898 1068 928 63)
1088 898 1123 921 Et
1141 904 1173 920 en
1188 895 1248 927 plus
1253 903 1315 921 ours
1326 897 1400 923 lieux
1413 906 1485 922 acor-

926 931 1004 957 deres
1034 933 1084 957 ove
1113 933 1141 957 le
1168 932 1254 962 Latyn
1279 940 1355 958 come
1384 938 1484 966 septem

925 972 992 999 sept,
1013 969 1153 1001 prebenda
1176 968 1336 999 prebendre
1360 973 1386 993 et
1411 977 1483 994 serra

926 1009 990 1037 sone
1008 1006 1174 1037 provendre.

1511 166 1513 185 1
1587 157 1640 191 (CO
1653 158 1698 192 77)
1727 159 1793 186 Item
1823 161 1835 186 l
1861 162 1886 185 et
1911 168 1927 184 r
1951 160 2098 194 aliquando

1511 187 1513 226 !
1540 196 1747 226 geminabuntur
1762 197 1789 220 in
1803 196 1933 228 scriptura
1953 199 1979 219 et
1992 204 2046 220 non
2072 197 2099 220 in

1511 232 1514 263 I
1540 239 1607 256 sono
1619 234 1648 256 ut
1661 232 1727 256 celle
1735 232 1795 261 elle,
1813 237 1885 257 terre
1897 231 2002 263 (londe)
2013 241 2098 262 guer-

1512 264 1514 291 !
1540 274 1571 289 re
1581 266 1686 296 (werre)
1698 265 1799 290 debent
1825 266 1913 291 sonari
1934 270 1998 297 tere,
2019 274 2098 297 gere,

1541 303 1587 330 ele,
1607 303 1663 326 cele
1681 304 1730 325 etc.

1586 741 1697 776 (CO84)
1727 744 1791 768 Item
1821 741 1941 773 quamvis
1970 743 2097 768 Latinum

1538 783 1612 804 curto
1633 780 1714 805 modo
1734 777 1828 811 poterit
1842 776 1933 809 scribi,
1946 781 2002 803 tum
2016 779 2098 804 Galli¬

1538 824 1598 839 cum
1617 817 1684 847 petit
1703 815 1836 839 dicciones
1855 813 1981 843 integras.

1584 897 1642 930 (CO
1657 899 1701 931 85)
1729 899 1795 923 Item
1825 905 1874 929 pro
1905 899 2002 924 maiori
2022 903 2100 933 parte

1539 935 1660 960 scribetis
1680 935 1707 959 in
1720 933 1852 959 Gallicum
1864 935 2013 960 secundum
2024 937 2098 967 quod

1538 971 1663 995 scribitur
1690 971 1717 995 in
1755 968 1857 992 Latinis
1885 974 1913 995 ut
1942 976 2097 1004 compotum

1539 1010 1649 1039 compte,
1671 1010 1772 1039 septem
1791 1008 1859 1037 sept,
1879 1007 2017 1039 prebenda
2032 1012 2100 1039 pre¬

1540 1044 1649 1071 bendre,
1669 1048 1737 1074 opus
1758 1044 1820 1072 oeps
1840 1045 1890 1067 etc.

1586 1088 1642 1121 (CO
1654 1089 1700 1123 86)
1722 1090 1790 1113 Item
1820 1090 1935 1115 habetur
1955 1091 2098 1115 diversitas

1538 1126 1609 1151 inter
1637 1126 1803 1159 apprendre,
1839 1128 1966 1160 prendre
1997 1132 2021 1152 et
2055 1136 2097 1152 re-
