2481 1749
253 915 342 948 VIII

413 914 457 957 (T
474 926 484 948 1
494 915 525 956 2)
554 916 646 958 Item
675 915 925 958 quocienscun-

371 968 439 998 que
488 958 599 989 diccio
639 958 811 999 incipiens
848 966 926 986 cum

372 1007 591 1031 consonante
625 1001 784 1040 sequitur
806 1000 926 1030 imme¬

372 1041 467 1074 diate
503 1041 697 1074 diccionem
731 1041 766 1073 in
802 1050 926 1074 conso-

1019 165 1055 200 (H
1067 170 1094 202 9)
1114 172 1217 195 Purceo
1244 166 1373 198 entendez
1393 174 1426 198 qe
1446 166 1531 191 dirres

945 200 948 236 I
974 209 1062 234 rougs
1083 208 1186 231 homme
1189 222 1194 233 ,
1215 203 1309 227 chival
1322 210 1331 225 t
1339 202 1397 231 ous,
1417 202 1533 233 harang

945 238 948 278 j
973 246 1027 267 sor,
1039 244 1157 272 escuede
1165 240 1264 272 goules
1266 247 1271 266 ,
1285 239 1332 261 vin
1341 239 1461 262 vermail
1471 246 1534 262 rose

945 272 947 306 i
975 272 1140 312 \yermaile],
1164 278 1233 307 drap
1249 281 1345 304 rouge,
1368 281 1426 298 mes
1439 281 1486 298 ceo
1497 281 1532 297 ne

946 310 948 338 I
975 310 1011 342 dy
1028 310 1074 342 jeo
1095 323 1154 347 mye
1173 319 1220 345 pur
1238 309 1401 339 l’ortograsie
1414 317 1471 333 mes
1483 317 1533 342 pur

974 346 1002 371 la
1015 346 1145 375 diversité
1159 349 1192 374 de
1203 348 1276 378 ceste
1288 346 1401 378 paroule
1412 345 1533 378 Engleys

975 384 1028 407 red
1043 385 1089 414 qui
1111 387 1144 410 ad
1164 386 1237 409 taunt
1252 382 1300 405 des
1313 389 1425 406 nonnes.

1025 917 1065 957 (H
1080 918 1134 957 78)
1158 920 1238 958 Item
1275 919 1405 958 quando
1434 919 1538 957 aliqua

981 961 1083 988 diccio
1096 962 1248 998 incipiens
1258 969 1328 988 cum
1340 965 1537 989 consonante

980 1005 1119 1040 sequitur
1154 1000 1319 1040 [aliquam]
1363 1003 1537 1031 diccionem

979 1044 1197 1074 terminantem
1230 1044 1262 1073 in
1286 1048 1482 1074 consonante
1504 1044 1535 1073 in

1579 85 2150 120 prendre, oez, oeps, vys et huys,
1585 120 1666 150 kynil
1683 122 1709 145 et
1728 120 1809 145 kenil.

1631 166 1664 198 (0
1677 168 1723 201 87)
1742 169 1810 192 Item
1824 166 1959 191 habentur
1970 167 2076 191 diversa
2087 175 2146 191 ver¬

1585 203 1620 226 ba
1642 203 1749 229 Gallica
1766 210 1815 235 pro
1844 202 1896 226 isto
1920 202 2003 227 verbo
2026 202 2147 233 Anglico

1585 241 1659 269 reed,
1680 239 1805 264 videlicet
1824 246 1890 262 rous
1904 239 2037 268 chivaler,
2052 240 2149 262 chival

1588 273 1677 309 [rous]
1686 276 1830 306 etharang
1837 282 1907 304 soor,
1917 275 2033 305 escuede
2035 275 2146 305 goules,

1585 311 1634 345 vin
1655 308 1801 345 [vermaií],
1822 318 1885 334 rose
1902 312 2043 336 vermaile.

1634 427 1692 463 (CO
1704 428 1748 460 88)
1767 429 1834 454 Item
1853 437 1901 462 pro
1928 429 1980 454 isto
2001 429 2084 454 verbo
2104 437 2149 453 an¬

1588 464 1659 495 glico
1684 466 1764 489 breke
1770 465 1775 499 :
1796 465 1822 499 f
1819 466 1918 489 ruchez
1947 466 2042 489 chaud
2059 469 2147 498 payn,

1591 501 1709 525 debrisez
1730 501 1790 530 Vos,
1809 503 1919 533 rampez
1940 503 1968 525 la
1988 503 2076 530 corde,
2102 510 2147 525 en-

1582 535 1722 568 fraignez
1759 540 1919 567 covenaunt,
1961 537 2082 561 debrisez
2120 537 2147 561 la

1589 572 1692 604 hanap,

1634 617 1691 652 (CO
1705 620 1749 652 89)
1768 621 1837 644 Item
1847 622 1896 652 pro
1907 622 1991 645 blowe
1999 629 2005 645 :
2024 622 2150 645 ventiliez

1590 655 1626 678 od
1649 656 1675 679 le
1700 659 1771 685 vent,
1802 657 1923 679 corneiez
1952 656 1989 680 od
2007 657 2032 680 le
2058 663 2148 683 corne,

1590 691 1672 723 suflez
1693 692 1724 716 de
1744 693 1853 717 bouche.

1636 736 1693 771 (CO
1705 740 1749 772 90)
1774 739 1841 764 Item
1865 738 1980 764 habetur
2007 738 2149 763 diversitas

1589 774 1659 798 inter
1692 778 1808 808 estreym
1836 774 1949 808 (strawe)
1981 779 2007 799 et
2039 778 2149 807 estreyn

1591 810 1717 842 (hansel).

1636 860 1692 896 (CO
1704 864 1750 896 91)
1770 863 1838 888 Item
1849 863 1919 889 inter
1931 863 2012 895 daym
2026 862 2052 887 et
2066 862 2150 895 dayn.

1633 913 1702 958 (CO
1717 913 1770 957 27)
1787 917 1867 947 Item
1882 918 2149 956 quandocumque

1591 960 1696 998 aliqua
1726 960 1825 987 diccio
1854 960 2007 997 incipiens
2030 968 2049 987 a
2073 968 2147 987 con¬

1591 1006 1725 1030 sonante
1748 1002 1887 1038 sequitur
1915 1002 2051 1039 aliquam
2080 1002 2147 1030 dic¬

1590 1043 1713 1074 cionem
1736 1043 1955 1073 terminantem
1977 1043 2009 1073 in
2032 1052 2144 1073 conso-

2199 1040 2238 1090 17
