2481 1749
1102 88 1150 113 Nr.
1170 88 1272 113 VIII—
1276 89 1313 114 X.

265 977 321 1007 IX

352 163 458 189 nante
482 159 737 197 terminantem,
764 162 843 190 dum
858 165 908 190 ta¬

353 211 433 230 men
463 201 536 231 sine
564 211 678 241 pausa
700 203 907 242 pronuncie-

354 250 417 279 tur,
452 252 655 274 consonans
689 244 811 275 ultima
840 244 909 275 dic-

354 284 462 314 cionis
488 285 673 315 anterioris
698 288 806 316 debet
829 296 909 326 pro¬

353 326 551 357 nuntiando
568 327 788 366 pretermitti,
809 328 910 359 verbi

352 368 589 407 graciaiwzivzs
596 367 804 412 ’vautboyr\c\
812 372 911 411 apres

354 419 499 450 manger
521 420 585 450 que
610 410 737 440 devant

355 536 515 576 exceptis
546 537 658 568 tribus
686 538 908 569 consonanti¬

353 579 419 609 bus
432 578 595 618 s[cilicet]
616 589 659 615 m,
677 590 712 615 n,
725 590 743 609 r
753 590 821 621 que
831 590 910 621 pro-

353 620 628 652 nunciandonon
639 622 910 663 debentpreter-

353 661 442 692 mitti
455 663 556 704 verbi
575 663 699 705 gracia
714 666 789 705 pur
800 663 910 699 Dieu,

353 714 434 740 sire,
459 704 670 746 Williaumc,
683 705 780 746 fetes
804 705 910 746 \inoii\

353 744 470 778 talent.

965 162 1142 200 racionibus
1171 163 1394 200 pendentibus,

966 255 1143 275 consonans
1183 246 1344 275 anterioris
1373 245 1522 274 diccionis

965 289 1104 325 quamvis
1125 289 1277 315 scribatur
1287 296 1350 315 non
1365 288 1461 314 debet
1473 296 1522 315 so¬

965 330 1031 357 nari
1046 338 1106 357 nec
1120 329 1151 357 in
1165 329 1428 367 pronunciacione
1451 337 1524 365 pro¬

965 371 1045 404 ferri,

1008 535 1047 573 (H
1062 538 1101 574 78
1104 539 1116 552 a
1119 535 1131 576 )
1157 539 1297 576 exceptis
1309 546 1344 570 m,
1357 539 1414 562 «et
1426 546 1444 562 r
1457 545 1521 573 que

964 578 996 605 in
1021 581 1259 614 pronunciando
1279 588 1342 608 non
1367 574 1521 617 debe[n]t

965 622 1069 649 sonari
1084 622 1267 659 pretermitti
1293 619 1375 656 verbi
1398 621 1504 656 gracia
1515 632 1521 651 :

957 666 1022 698 pur
1046 663 1138 699 Dieu,
1181 663 1317 696 William,
1343 661 1430 700 failz
1455 672 1522 692 moti

964 705 1067 733 talent-.

1003 776 1031 802 (H
1041 778 1075 804 79)
1100 778 1141 799 Set
1162 778 1185 798 in
1206 778 1250 798 fine
1268 775 1395 800 aliquarum
1408 779 1524 800 racionum

963 802 1000 823 vel
1028 803 1049 823 in
1068 803 1144 824 medio
1162 801 1259 824 racionis
1283 801 1312 821 ad
1333 807 1442 827 punctum
1464 805 1523 825 bene

963 832 1060 852 possunt
1080 828 1177 855 proferri
1197 833 1261 849 come
1280 833 1317 847 ccz
1334 830 1386 849 sont
1405 837 1453 851 mes
1466 837 1513 852 com
1515 841 1523 846 -

961 854 978 877 p
979 855 1006 874 ai
1002 860 1063 879 gnon
1065 861 1083 875 s.

1577 163 1673 192 nante
1708 163 1739 190 in
1775 164 1953 201 racionibus
1995 166 2135 201 penden¬

1577 247 1668 281 tibus,
1693 254 1870 275 consonans
1885 248 2047 277 anterioris
2070 249 2133 278 dic¬

1578 289 1675 324 cionis
1718 292 1825 324 potest
1867 290 1957 316 scribi
2003 291 2060 316 sed
2104 292 2134 318 in

1577 329 1841 368 pronunciacione
1865 339 1929 358 non
1954 331 2052 359 debet
2063 341 2135 369 pro¬

1578 373 1649 401 ferri
1677 377 1723 401 ut:
1760 376 1845 407 apres
1878 381 2005 409 manger
2039 374 2134 402 debet

1577 414 1680 442 sonari
1705 418 1776 450 âpre
1796 421 1929 448 manger,

1605 452 1644 478 (OU
1650 452 1698 478 28a)
1706 457 1743 472 aut
1749 450 1849 471 sonando
1856 450 1993 475 singularem
2002 460 2041 477 pro
2048 454 2136 478 plurale

1576 481 1601 498 ut
1616 478 1739 498 sonandum
1753 479 1774 497 te
1776 483 1789 496 n
1792 477 1872 498 ement,
1884 478 1940 500 gent
1952 481 1993 502 pro
2001 481 2023 498 te
2024 486 2052 499 ne
2053 481 2115 500 ment
2115 486 2134 503 z,

1572 505 1648 529 gentz,
1659 504 1758 525 sachant
1771 507 1811 528 pro
1824 501 1924 522 sachant
1924 508 1945 522 z.

1621 537 1689 578 (CO
1706 539 1757 578 29)
1792 539 1870 567 Item
1900 539 1920 571 /,
1951 548 1988 572 m,
2014 551 2042 578 n,
2067 550 2093 575 r,
2116 545 2136 571 /.

1578 584 1600 617 c,
1624 584 1641 611 k
1666 582 1804 620 quamvis
1829 588 2009 609 consonans
2027 584 2138 610 subse¬

1578 629 1691 663 quatur
1714 626 1795 653 bene
1817 625 1949 659 possunt
1962 625 2067 652 sonari
2080 634 2137 661 per

1577 676 1612 696 se
1636 668 1683 695 vel
1707 676 1763 705 per
1786 664 1996 694 mutacionem
2024 666 2135 700 littera,

1615 883 1654 909 (CO
1664 883 1699 910 20)
1723 883 1780 904 Item
1794 881 1834 907 pro
1852 881 1957 902 William
1973 887 2068 905 utuntur
2082 884 2136 906 scri¬

1576 909 1632 930 bere
1648 910 1779 934 G\ii\illiam
1793 907 1813 927 si
1827 906 1905 926 littera
1920 908 1964 929 erit
1973 909 2062 931 directa
2072 915 2137 931 extra

1577 947 1662 962 partes
395 985 437 1026 (T
455 986 506 1027 13)
532 986 623 1018 Item
647 988 714 1019 hee
740 988 917 1028 dicciones
935 991 1051 1028 grant
1051 999 1057 1030 ,
1082 990 1193 1030 quant
1210 994 1361 1028 possunt
1383 989 1541 1021 breviter

348 1047 425 1087 gus,
449 1048 520 1087 qut,

396 1111 440 1152 (T
457 1123 492 1151 i3
496 1118 508 1131 ;1
512 1113 523 1153 )
547 1118 581 1144 et
604 1113 639 1144 in
663 1113 816 1145 femineo
839 1123 972 1156 genere
991 1115 1131 1156 grande
1155 1121 1189 1157 et
1213 1115 1340 1157 quante
1352 1114 1444 1157 foiz.
