3424 4628
867 426 1969 522 ait eNe nourrs oit femps de sa ieuneS
870 517 1991 638 se que de nusse fenune naitese c'aste
873 609 1991 716 Lors or ne iuis se pas cefuẏ ssidis
868 689 1986 815 ne puisse estre que destre fisz de rop ef
863 786 1993 905 qui en cesse maniere aẏe este noureẏ
867 874 1985 996 ou femps de ma ieune ssecẏne soz co
884 958 1989 1079 soit enmoiz saie qui de moit me paunsf
876 1071 1992 1175 preseruer forg seusement mnuoquer
865 1151 1985 1243 efrequerir sa gr ace de iuoiz cre ateur
872 1243 1982 1329 iesus et sadousce sserge niere que de
872 1324 1984 1434 ce dauger ne seusse pieser uer et mef
875 1407 1973 1541 fre ẏors sans defmer mes ours sẏ
872 1502 1977 1623 trespiteusement.n ceffeconfe ps as
867 1600 1983 1710 fionmoust gr aude fuss asentlnssoit
860 1686 1983 1804 fe sa nuẏt sans prendie repos fors q
877 1780 1981 1905 a forf une psourer ef dous te sonz aue
871 1880 1983 1979 fure.Et quant is eust par fout pen
879 1971 1987 2067 e et par diuine inspiration u' sauis a
870 2048 1980 2180 de oison se sauiroige sequef if auoit
852 2137 1975 2260 en sa foresf conquis s se pensa s par
864 2237 1977 2365 cesus if pourroit effre secoutu:car ie
866 2328 1984 2461 cr oẏ fien que de femine is nauoit las
864 2421 1973 2528 niais ese cis aite.ef que par quenfus
846 2510 1991 2613 re pouoit efre queni que ꝯne ropne
847 2593 1986 2703 enfa foress aur oit enfate ences cho
872 2696 1983 2803 ses consiter ouf sa iuirnt pruit fin et se
861 2796 1976 2891  our escͤar cst amnsi se seuasasentins
864 2862 1985 2996 char qe de prissee einureuse ef de mestͤe
864 2957 1981 3086 cofie psain et sint deuers Orsoi ef
860 3051 1963 3178 par eusdens sgnes suẏdenionstr s q
849 3153 1979 3269 ierfit ses armeures et print son che
856 3231 1983 3331 uas pour aler en son fieu coius afre fe
859 3336 1980 3432 " Sers cse uasier.de ces nouuesses fuf
855 3421 1979 3521 orson moust forf iopeusp ensaisTant
861 3500 1996 3626 et en menaint grant iose parmẏsa sa
857 3600 1975 3712 se.si fist siqne que se sers cheu a'ier
853 3680 1984 3806 samais deses mains estẏapper il ne
865 3765 1982 3902 poureq efen ces signes faisant Nas
2080 405 3204 514 uisa sne massue de soie grosse ef pe
2099 504 3200 607 laute si ia iist sur son cos ef enGrans
2077 606 3192 712 Tant la sesie ifaisoit signe des ẏras
2085 686 3205 798 ef ors mains que nus ausfre ẏarnoig
2078 775 3201 896 confre se fausẏ paẏen is ne seust por
2077 868 3201 973 fer.Etde cheuasne de fancene dqus
2087 977 3203 1078 fre ẏarnops quesconques pour coms
2074 1050 3193 1163 Pafre se geant u'na cure. Einz ce dist
2081 1138 3189 1251 safentu ce sa ne ferezsoi pao maĩs
2081 1229 3197 1328 ie seus que de mes armeures Goug
2093 1334 3199 1430 opez ar nie en portant se sfason qui
2076 1408 3182 1529 par se rop pepins me fust dome ēet sẏ
2084 1507 3189 1605 cheu auscherez se deffrier que ie ame
2069 1583 3200 1703 niẏde france.Au sousoir de s asens
2070 1667 3189 1789 fin se consenfit et acordOrsoi.car
2105 1764 3195 1877 ur fortes chosess oufoit oseir q'o' si
2078 1859 3196 1972 senfin ef cises commandeniens coms
2078 1945 3189 2068 nie son iusiecf et sermiteur.Lors co
2070 2040 3200 2161 uand ns asen fun que onfuẏ apoit ast
2095 2135 3192 2237 oi ẏarnoẏs.ef que orson fusf arme
2065 2214 3191 2321 tout en lesse maniere comnie son pro
2080 2330 3187 2422 pie corps cftoit quant if asa pour cos
2065 2400 3184 2507 Safre confre se sers cẏeuasier.La cho
2088 2485 3197 2591 e fust fasqie ef acompsie.Car se duc
2072 2595 3192 2700 dacquit aine qui psent fust de sa pros
2076 2672 3196 2784 pre mauz arda a armer se sauuaige
2079 2768 3192 2880 des armes de Dasentus auec pluiss
2077 2844 3192 2957 eurs sarons qui sa esfoiet.Et quiit
2080 2931 3187 3056 Disoi fust arme.i fuss moust fort
2076 3036 3195 3140 re garde des seigneurs et sarons qui
2074 3119 3186 3250 sa estoient presens.ar moustBien
2103 3214 3192 3336 I re se mssoit estre homme preus ef
2068 3307 3191 3426 Paro ẏet cheu asier de grant feausce
2068 3415 3185 3512 psain.Saust.et sien forme.en fous
2088 3485 3181 3595 es meinres par droite mesure com
2062 3577 3187 3701 passe.Ilre qar de se sarnons qui cui
2061 3661 3194 3788 tour de supresuẏf.ef puis faitsigne
2065 3751 3172 3864 des ẏras que de uant quif fust nirōẏ
