3336 4540
273 463 1385 535 entre ses mains il estrangleroit le che
275 553 1377 623 ualier verd par deuāt toute la court
303 642 1386 714 sans en auoir mercy ne pitie. des mi¬
275 731 1380 803 nes ef des gestes que faisoit orson cō
283 820 1387 891 mencerent a rire tous ceulx de la cō¬
281 910 1375 979 paignie. Et quant orson eust prins
284 998 1390 1069 conge du duc dacquitaine il embraca
277 1088 1380 1159 valentin et print conge de luy en luy
295 1177 1380 1247 faisant signe q̄ de riens il neust doub
277 1268 1375 1339 te. et que deuant son retour ou mort
279 1358 1384 1427 ou vif le verd cheualier luy amenrra
277 1445 1382 1519 Et Valentin en plourant adieu le
279 1537 1368 1606 cōmanda en priant bien deuotement
271 1626 1368 1696 que contre le payen victoire il peust
280 1717 1366 1787 auoir et ainsi partit Orson. Mais de
273 1806 1382 1878 uant quil montast a cheual il sauisa
273 1895 1371 1965 de la belle fezonne de laquelle il na¬
269 1986 1361 2054 uoit pas prins conge si mōta au pa¬
266 2074 1371 2143 lays et ētra en la sale ou estoit la da
262 2163 1362 2231 me et plusieurs aultres bien noble¬
271 2253 1361 2324 ment acompaignee. il courut deuers
268 2344 1370 2414 elle et la voulut baiser de quoy la da
263 2432 1368 2501 me et plusieurs aultres se prindrent
263 2522 1355 2591 moult fort a rire. Car il luy faisoit
279 2611 1354 2678 signe que pour son amour auoir il sē
260 2701 1360 2772 aloit combatre le verd chevalier. et
283 2790 1360 2859 fezonne qui de toufe gracieusete fut
267 2880 1362 2950 plaine en sousbzriant luy a fait signe
265 2968 1355 3037 quil se portes vaillamment. et que au
254 3056 1363 3130 retour de la bataille son amour elle
256 3148 1351 3221 luy donneroit. Ainsi se partit orson
255 3235 1355 3307 et monta a cheual lequel moult no¬
253 3323 1358 3397 tablemēt fust cōuoye par le duc dac
265 3415 1341 3488 quitaine et plusieurs aultres barōs
263 3505 1350 3574 et cheualiers iusques hors de la por¬
259 3594 1352 3663 te. et quant ilz furent hors de la vil¬
264 3683 1355 3755 le chascun sen retourna en depriant
263 3773 1349 3843 dieu qͥl luy voulsist dōner victoire le
1478 471 2568 550 bruit fut parmy la cite q̄ le sauvage
1490 565 2576 638 aloit cōbatre le verd chevalier de la¬
1491 650 2587 726 quelle chose chascun fust fort esmer
1474 739 2584 817 ueille pour la bataille des deux chā¬
1480 830 2584 907 pions. Or sen va orson cheuaulchāt
1473 918 2572 995 vestu et arme des propres armes de
1477 1007 2581 1085 valentin pourquoy le verd cheualier
1477 1089 2575 1174 iane le cognoistera. il na gaires ares
1480 1186 2576 1263 te quil est venu au pauillon du verd
1496 1276 2580 1353 cheualier. et sans dire mot du fer de
1508 1370 2576 1444 sa lance la venu toucher en signifiant
1488 1455 2575 1531 qui luy baille deffiance. de laquelle
1484 1546 2549 1626 chose le verd cheualier eust grant des
1484 1634 2564 1713 pit en son conrage. Et iura par ses
1474 1723 2572 1802 dieux que son grant orgueil luy fe¬
1475 1815 2570 1893 roit humilier deuant le iour passe. il
1481 1902 2570 1984 fust tantost arme puis monta a che¬
1475 1992 2569 2074 ual et a prins la lance qui fut droite
