3436 4628
832 506 1932 585 Ong fie parfef orqueisseus comeong
826 596 1944 676 fẏon is tourne ses peuspet ẏranse fa
839 688 1940 769 cefieet desespre soursie adomne ong
828 777 1942 857 coupsi grant sur se feausine du.ge qt
832 869 1931 947 que susques asa feste se fouchaef des
830 957 1943 1038 cheueuss de sa peau aferre geft a one
826 1045 1944 1131 gr anf par fie et de cefuẏ coup oustre
827 1137 1946 1217 se he cusme passaet fut se sers ches
830 1231 1948 1307 uasier naure au sras fant que sesaq
835 1319 1948 1399 a gr auf puiss ance efrandoiz comme
832 1411 1937 1490 cci aicourir.niais se sers cheucsier de
834 1497 1948 1580 ce ste psape nen fist compte.car is prit
828 1588 1947 1672 du sausine de quoẏ ie sous aẏ deuaf
842 1679 1949 1760 fait mecion.ef fant ost quis afouche
829 1768 1947 1852 sa plape esse q efte sance es auss saps
824 1856 1952 1944 ne conue par deuant de quop orson
853 1948 1946 2036 fusf moust esnierueisse etsien se pen
871 2036 1955 2128 ci qde gs aisue ne pourroit son corps
835 2129 1957 2215 auoir quaufsẏ toff effoif guar pesa
844 2219 1950 2307 psape qui fant estoif grande ef pars
859 2310 1949 2397 sonde.Ir ce ffe mafiere fust sustuset
851 2400 1955 2486 quise.i.ge fla sonespee cousieaup ef
854 2490 1950 2579 Nar nons ci ferre puis est courit cons
848 2587 1951 2671 tre sefers cheu asier et aforce de frs
842 2676 1944 2763 tessement La sarre et fenu qdessousz
840 2766 1955 2849 sun aferre sa gefreEt quant is se nlt
844 2860 1953 2942 dessousz fur if fur ost ca se se ausine q
856 2947 1959 3036 porfoit pour sup couppersa teste.La
856 3039 1950 3122 fust se scrs csieuasier en iesse susies
852 3128 1950 3217 cnionnis quif fust coner aint par for
860 3220 1948 3306 ce de sos rendie a oison et mereẏ suẏ
856 3312 1956 3395 priier.mais orson qui riens nent end'
860 3402 1964 3484 Ne son crier is ne fisf compte en mant
852 3496 1966 3575 ere quescoques ef fant effroit se fief
850 3586 1965 3665 que sans nusse remission a cefie heus
857 3675 1963 3756 re fuz eust ofesasie se neust essess
844 3765 1963 3851 sentun qui fiensif et cogneust ses uie
838 3860 1965 3945 nes es qesfes de oisonet a foice de che
2050 492 3151 571 u af deuers eufp acouruf.ef qu anf iē
2060 582 3145 659 fust arriue is fest signe c orson q pas
2045 676 3160 750 ne se tu ast. Asors se traẏẏt orsonz ar
2040 765 3121 836 riere quant i' optscs etin.mais foit
2043 851 3145 928 iours fenoit se ẏers cheuafier ensa
2070 942 3156 1018 us iect ion auquess asenfui parsa en
2040 1030 3151 1106 ce sie mantere.Seuasiera ceste Seit
2048 1123 3157 1198 re sous pouez cegnofffre et clereniēt
2063 1210 3141 1289 Ncau oir ques ous nauez force ne puis
2054 1301 3147 1378 sance de sous reuencher ne de mort
2046 1390 3148 1469 Gous garder confre ceffupDoiume
2054 1479 3157 1560 parquop force sous est de morf endit
2046 1570 3164 1652 rer ef deffiner sozsours freshonfen
2060 1662 3155 1743 sement ar qinsi que see austres che
2043 1753 3161 1831 uafiers onc este parsous desconfis.
2054 1842 3155 1920 efcii cefuẏsqust arPre penous fout
2058 1933 3163 2012 ainsi sous serezsifu perussemēt ot
2056 2024 3168 2102 cNs ef cui psus ẏaust de fous ses auf
2050 2114 3164 2194 fres af achc.Besas dest se ẏers cheusi
2052 2203 3166 2284 fier sous ne semisiezBien esfre hom
2053 2298 3165 2374 me de gr anf courfoisie et denossefse
2062 2386 3159 2466 guamnS et semsse sien aous seoir
2048 2475 3165 2556 que de franche et soẏ aissegentisse se
2054 2567 3158 2649 sous sone zeptr aif et descen dui pour
2066 2655 3166 2740 saquesse cose ifsous psaise de moẏ
2057 2750 3168 2831 auoir pit ie ef nias le sauuer.Papen
2079 2839 3164 2921 sut sasentui ce ne serap se pas fois
2052 2928 3168 3012 que par fef conuenanf que sous res
2058 3022 3170 3102 noncerezfasoẏ paheine ef des sauss
2062 3117 3164 3194 dieusque sous adoie zen prenentFa
2061 3204 3165 3286 soẏef cre ance de sesucrist se dsein fouf
2069 3297 3172 3375 puiss ant efen rece puaut se sainct sci
2067 3384 3164 3468 plesie sans seqs nus ne peust quoir
2065 3473 3174 3560 gsoire pardur asse.Et quanf ẏous
2059 3562 3176 3650 aurez ce sa faitsous prez en france
2063 3657 3176 3742 efsous presenferez auroẏDepinef
2071 3745 3160 3831 fur direz que Sasentuz et Orson
2074 3838 3163 3924 sous enuosenf par deuers sup come
