3336 4540
226 437 1357 519 pas possisse que du pas de romme
259 531 1353 606 oient fant de gens descendus.asez
264 617 1356 695 ommes puissans pour ses affendre
233 709 1351 783 tous ens it aisse rengee.Qar lap ans
244 799 1346 871 cores esperance que dedes ẏres teps
237 887 1324 959 ie me tferapen ma susieccion et ofeis
261 978 1351 1050 auce tout le paps de rommenie ef ces
241 1068 1351 1138 supde france.Ilcommanda par ses
248 1154 1353 1228 her auspque fouf son osf fust assein
236 1246 1346 1319 Bse en fesse maniere que ci foufes heu
224 1335 1350 1408 res fussenf pres de re cepuoirs at asss
228 1426 1356 1497 se ci cesup commandement furent pas
222 1514 1344 1586 ens ef sarr asins oẏeissans et de tous
230 1604 1347 1679 fes pars sassemẏserent ef arresferef
229 1693 1345 1768 en Ong champgrat efsarge pour cre
244 1783 1346 1856 ffiens affendre.Et queintsint se sen
248 1873 1350 1946 emain au mafi que se iour fust cfer
241 1963 1342 2037 ef supsant.se rop pe pin ef foufe son
246 2056 1319 2126 armee furent pres ef en point de paẏ
230 2142 1342 2218 ens ef sarr asins ass aissir.Noonc mō
231 2231 1349 2302 da se cre fement fe rop pepin par ẏne
230 2320 1343 2394 se ftre csose ensa cite asempereur de
235 2414 1337 2488 gre ce comme is estoit senu pour se se
228 2505 1344 2572 courir ef qui c foute digence pars a
234 2592 1344 2664 cife ses gens darmes face mef fre en
235 2685 1336 2757 point et qui saissent sur ses chainps
230 2775 1338 2842 confre ses papens et sarrasins.Aar
227 2861 1348 2933 ci ce iour de francois ef de romniaing
227 2952 1348 3022 isz ser oient secourus.Lempereur fuf
239 3041 1334 3112 moust fort iopeusp desasenue du no
232 3130 1344 3201 sse rop pepinet seson se mandement
229 3221 1348 3292 de sa seffre fist son ost me fire en poit
244 3311 1345 3380 et sesges darmes armer.puis sonf
259 3401 1338 3474 aissis hors de sa cite de consfant ino
241 3490 1348 3565 sse pour ciser confre papens ef sarr qi
258 3580 1340 3653 sins qui saf aisse af fendopent.Et ta
237 3669 1333 3745 tosf qui furet sur ses champs isz ap
224 3760 1347 3836 perceurent ses est andars famieres
1459 439 2569 506 ef enseignes et sost durop pepin qui
1459 527 2556 598 ceste part senoit a sgrant nomre
1454 618 2544 687 de cfar ons ef de fromppeffes qui sẏ
1455 709 2558 776 gr ant ẏruit demenoient que cestoit
1443 794 2546 866 merueisses. "Bien Seirent ses pares
1457 886 2554 955 que confre eusg senoit granf puisss
1459 975 2548 1045 ce de gens.Le soussaiz appessa deus
1478 1066 2552 1135 arr ains ses plus saisTans ef hars
1455 1153 2552 1223 ois et seur conmanda quisz asa sēt
1478 1241 2553 1312 e cre semef regarder ef nomẏrer fosf
1467 1335 2555 1402 Bes creffiens qui ses senoient as' aif
1448 1423 2552 1492 fir.ef quant isz aur osent ce faitiz re
1455 1515 2544 1581 fournassenf deuers fupdire ses noit
1456 1605 2560 1675 uesses.Les deus sarr ains q auoief
1442 1693 2544 1763 no fung clarienet sautres audit mo
1451 1787 2552 1852 ferenf c cheuos et cheu quscherefẏers
1454 1874 2549 1944 sosf du roẏ pepin.mais neur ent pas
1437 1961 2554 2033 cheu ausche songuemenf que se sers
1447 2053 2540 2125 cheu asier ses oit sur one pefite nons
1449 2145 2537 2215 faigne.ef fout aussi tost quis ses ap
1447 2234 2547 2304 per ceust is cogneust sien quisz est ops
1448 2324 2552 2397 ent sarr asins.Lors frapoa son ches
1441 2415 2551 2486 uql ef fout seus asa deuers eusz sa fe
1443 2505 2544 2575 ce sur sa cuisse come preus cheuc' ier.
1452 2594 2556 2666 ef quiif fes deus sarr asins se seiref ci
1444 2684 2538 2757 procher pour fat q' esfoit seus isz eus
1444 2775 2552 2847 renf honce de fupr poue suirs et dirent
1445 2866 2532 2939 par mahoi ce seroit grct ẏonte se ces
1443 2955 2549 3029 fus creffien de nous deus esc happoit
1443 3045 2542 3119 Lors onf couche seurs faces ef cofre
1445 3136 2550 3208 se sers cheuafier sont senus apuissā
1443 3226 2548 3298 ce en fesse mansere qse har noẏs et se
1445 3315 2545 3388 cheu as' defug des sarrasins cheut ci fer
1447 3406 2548 3478 re.efsineusfestesaudu q iecourusf
1471 3495 2539 3570 on copaignon se fers cheuasier seust
1441 3583 2537 3659 occis.mais cesf pris au sers cheuais
1445 3674 2551 3748 sier.ef ce pend nt c' arien se seus qncs
1433 3766 2572 3843 ure fust duremet ef monta c cheuoise
2368 3893 2483 3974 g si
