3400 4616
860 443 2000 569 er de sir ant sur foufes choses faf fas
855 538 1990 669 re que de son pere et de sa mere peust
863 633 1985 743 auoir cegnosSance.Et quant if eut
859 732 1958 838 ai bieu sa priere faicte is frapps des e
859 808 1991 946 perons ef ciscien sa fence du ẏers che
849 919 1984 1018 u sier qui pour sa semnssance de.Oz
886 1006 1989 1096 on bien se recogneut ef de fup plus
878 1098 1977 1192 e dous fa que de nuf austre iamals
851 1174 1992 1280 li auoit fait.Il appessa Dasentin et
855 1271 1970 1379 fuẏ dit cheuafier enfendez que ie sol
855 1375 1980 1476 dir aẏ.ẏoẏez sous sa deuant en cest
865 1448 1995 1556 arOre ẏng ẏers sfason.asez se mos
859 1543 1999 1655 qrir et se maporfezet ie se so'desernt
856 1634 1983 1758 r iẏ.Sire dit sasenti aNez auez de
866 1726 1976 1824 s arfes austre que moẏ faites qẏoI
880 1817 1994 1940 ieruenf.Aar par moẏnaurezẏous
860 1908 1994 2021 se ssalonPar masoẏ dit se sers che
865 1995 1996 2093 u asier.se sfaso maporterez.ou ie gol
885 2099 1998 2209 iz qN cui oir q lamais a mon corps
859 2186 1987 2292 naurez safaisie.qunt ẏasentunoit q
861 2268 1988 2391 se serd cheuasier pour se ssasonz cps
870 2374 1987 2492 porier sousoit prendre escuiacson
864 2452 1993 2581 be coms afre come saistnt et hardẏ
871 2544 1999 2651 cheu afier cẏeu quscha deuers farsie
876 2628 1998 2764 oi se ssasoiz pend' oit.mais i peroit
894 2734 1996 2851 a prine.car il ne se peust oncos osfer
873 2821 1993 2945 Dont nl fut despsaiaf.Lors sint au
870 2912 2000 3034 Serd cheuasier efsuz dit fieremenf.
870 3017 2001 3113 aquerir to flaioi car auoir ie ne
874 3104 2013 3203 se puis.M ausoit soit is de dieu qui
886 3188 2002 3301 li fort fus at achaet pandu soit celuẏ
886 3277 2001 3395 qui ennoẏe niẏ c.Einz dit se fert che
878 3384 2008 3475 u asier Jete dirap pourquoẏ ie fẏ aẏ
878 3463 2000 3579 enuoẏe.Saches de siaẏet pour cer
885 3569 2015 3674 tain que cesup escu que fus oẏs sa  a
890 3647 2008 3734 ois sint de faerie eft par one faee is
876 3740 2022 3839 me fuf done.or is a iesseserfu que la
870 3822 2002 3948 niais nus tant soit suissant oi fozt
2087 436 3168 554 ousieu ou if esf af ache osfer ne se
2070 546 3196 647 pourr afors cefup seusement par qui
2077 626 3204 723 iesoops estre conquis etsaincupour
2065 716 3201 838 fant ie faẏenuose a cesse parf car de
2075 813 3200 931 fop auoẏe douste.mais mainfencit
2072 920 3205 1013 ensuis seur quant se sfasoi fu nag
2068 984 3193 1111 peiz cuoir ne a moẏ cporter.pour fāt
2072 1073 3194 1192 ref ourne toẏ dufie u donf fu essem̅t
2069 1186 3198 1282 ef fu sauuer as fci sole.Car fanf me
2083 1277 3195 1380 semẏsez secu cheu asier qde ta mort
2079 1347 3192 1485 ie nahnisse enuhez desafsse eschaps
2078 1451 3188 1564 per tu ne pourr as se fu piens a mos
2065 1539 3198 1640 sat aisie.Et afin s tu ne penses pas
2078 1629 3193 1749 que Jeseusse dire ces parosses par
2101 1712 3210 1826 qinfise ou fosse afusion.Saches
2076 1805 3204 1926 que de nus fant soitsieforie uss ie ne
2088 1890 3200 2024 ier aẏsaintu.si non dng ẏomme qut
2087 1987 3196 2111 sera fuz de roẏ.ef qui auraeNe noire
2074 2076 3203 2201 rẏsans femeeuᷤner.par quoẏ fit
2080 2168 3200 2299 pe.Eẏ cognoisre se tu es fef ou non
2083 2260 3219 2383 de ces nou uesses opr futsqlerinfozt
2080 2350 3217 2467 dosent et au cueur moust desplailāt
2077 2439 3219 2554 et pensif. Besas dit is sire dieu touf
2080 2520 3219 2652 puiss ant tr opmassa de mon cas se
2093 2644 3172 2729 deẏfre senigne gr ace ie nap secour
2086 2712 3216 2832 etcofozt.car Bien seaẏ que sene iuig
2077 2801 3208 2925 pas fes que icesuẏ paẏen dit.Maĩg
2088 2917 3196 3016 puis que fant laẏfait que uNs ies
2086 2989 3211 3088 ie suis senu pour ceste enfre prise fai
2078 3080 3201 3174 re.lamais ie ne ret ourner ciẏ q ie nos
2109 3168 3206 3283 cape moi corps confre cesiup q fāt
2099 3269 3203 3362 de saissans champions afait nous
2083 3361 3202 3459 rit.Lois appessesqse tin se sers che
2097 3437 3209 3560 ll asier et siuz di en ceste maniere.che
2099 3539 3211 3641 ui as ier ses onẏs ef cognois sien q pas
2093 3635 3208 3753 ne suis cesup par qui deuezesire con
2097 3716 3204 3821 quis.Mais non pourfant quesque
2089 3815 3208 3915 ie soie iamais dieẏ ne par firaptat q'
