3312 4540
59 3765 122 3866 lo
196 431 1306 548 prouffif a.car sans nusse pitie se ẏar
176 512 1317 615 nops suẏ offa et se penoit cau ẏauĩt
200 606 1307 706 Dde sarPie fout auisi que des quffres
183 709 1303 809 auoif fait par de uant.pour sa mort
190 773 1300 898 dicessup Oaser an fut greint se crẏ
184 892 1307 983 par toufef cite dacqintame.Nar
180 984 1303 1085 becu cheuasier esftoif et moustsoue
177 1049 1303 1164 ef prise de ses compasgnons. Or co
184 1158 1301 1246 gneust Bien Dison que se ẏers ches
193 1227 1297 1322 uasser auoif mis a moit Dser ais.
212 1317 1295 1434 Ie fait signe des mains quis sercust
188 1405 1302 1515 ciser comsatre a cesse heure presenfe
213 1498 1298 1604 aus sesour faire.maiss as enfin suẏ
212 1604 1298 1688 fuit signe quif se refire.Qar premis
181 1678 1306 1794 er is psousoit aser.A tant se feust
185 1773 1298 1877 Drson.car is cr qingnoit tousiours
180 1863 1294 1971 scisenfin.Lors sas enfin se arma ef
176 1944 1301 2064 asa Sers sa fesse fezoime pour prens
197 2039 1304 2164 dre conge desse.sine faust point des
171 2146 1302 2224 miander se esse faisoit grans re grefz
181 2217 1302 2319 et se esse qeffoit souspirs couuers de
181 2306 1306 2425 dens son cueur.Besas dic sa besse et
180 2391 1296 2522 plaisant Gcne seussez defsenōre ef
176 2515 1299 2611 pseruer cefus tanf nos se secui ef faf
171 2576 1303 2696 gr acieus cheu asier qui poursamour
182 2669 1301 2787 de moẏ sa Sie seust mefire endans
180 2782 1303 2879 gier.sorf regrefa fe zome se plaisāt
178 2848 1296 2962 ef gr ac leusp sasentiii.Mais sur to'
174 2937 1303 3063 en son courqiqe orson.Et esse auoit
183 3029 1291 3119 Sien cause.Car pour esse espouser
176 3111 1299 3229 sauoit dieu mis jur ferre. "Apres se
173 3222 1299 3325 conqe prins de sa dame ef de foutesc
184 3296 1288 3398 cheu oserie.Dasenfin nonta ci.ches
180 3400 1303 3490 uas pour aser coms afre se sers ches
185 3480 1303 3585 u asier.mass ain si qui se mist au che
182 3566 1309 3674 min asus sint ong che uafier qui de
180 3653 1299 3773 samour de fezoie es oit forf espris
163 3764 1298 3858 eteorase.Sire dist is as aseti aẏez
1393 423 2502 556 Ong peu de pacience faissez moẏ aser
1395 523 2500 630 se premier.Amis distsasentui se te
1406 608 2494 724 Domne conge.Na si sesus qui puiss an
1399 712 2501 810 ce ef sictoire fe seusse domer diceē:
1391 788 2503 882 suẏ conquerir.cesus cheuasier auoit
1385 884 2488 998 noin fẏris.ef cst oit nafisdu pars de
1414 981 2496 1084 quope.niais fant ciuoif en son cas
1397 1065 2498 1171 qpour soẏ meffre a' auenfure auoit
1382 1148 2487 1263 tout se sien despedu si que psus ries
1375 1258 2491 1354 n auoit.ss print conge des seigneurs
1379 1328 2492 1436 puis monfa ci cheuas et sans nus ses
1385 1419 2484 1539 iour saire s cheu cuiscSa iusques cui
1379 1502 2495 1621 pauissoii du sers cheu as ler.et quif
1380 1599 2496 1702 is sit fẏris de sauoẏe desirz aproche
1375 1685 2500 1803 ie saissit hois de sa fense moust fier
1380 1775 2488 1901 et orgueisseus.Et tfẏrie fur qiescrẏe
1384 1862 2494 1978 Naust.Sire Sers cheuasier or mont
1385 1950 2488 2073 fez ccheucs et penses desous defen
1384 2036 2491 2158 Ore car de dieu ie soug deffie qtouf
1381 2136 2494 2259 se monde afaites pour nos souffrit
1375 2224 2497 2337 mort.Le sers cheu asier qtẏris enfe
1381 2315 2490 2432 oit appesta pour ss che uas auoir sng
1382 2412 2486 2527 deses fusfeurs.puis iist se ple ases
1388 2502 2495 2603 frier ef est saissẏ dedessus son cheu as
1396 2598 2502 2716 is a mis sescuerd ef aprins sa Tance
1394 2675 2507 2799 puis sont as' onguez figde fautre ef
1384 2765 2503 2883 onf fefiemet encotie sungsaufre qse
1386 2855 2483 2983 " Sers cheuasier oustre se corps de firqS
1415 2952 2501 3061 cisance sur passaef  ferre sas afite
1378 3056 2500 3146 Et se sers cheu asier descenoit ef a
1383 3136 2502 3245 pris snc corde puis firc fors se cheus
1377 3227 2496 3325 fier firis ef ou cof fa corde suẏ misfef
1389 3301 2487 3403 sa pedu auec ses qustres donffarr as
1407 3403 2502 3524 ins meneref ꝯr qf foẏe.ec qucifs ase
1396 3503 2494 3610 tin sit q firis fuf morf ef cifarfre
1376 3574 2489 3687 pendu dosenf fuf de sa morf.ef qit
1387 3683 2502 3795 cueur despsaisant.is fit se signe desa
1393 3773 2511 3863 crois deucit sus ef cidleu se recomad a
