3460 4628
884 441 1988 558 saillit hors du chasteau et a la respō
857 545 1989 664 ce deuers son pauillon et les aultres
883 655 1999 748 seigneurs et cheualiers demourerēt
855 741 2003 844 en la sale auec la belle Fezonne qui
847 817 1988 941 grant chiere demenerēt a grant ioie
853 910 1967 1001 et disoient lung a lautre que venu es
861 1006 1983 1124 toit le iour q̄ le verd cheualier trou¬
845 1082 1988 1209 ueroit son maistre grant bruit fust
859 1182 1995 1295 parmy la cite de Orrson le sauuaige
852 1263 1982 1366 chascun desira de le veoir en telle ma
841 1356 1979 1465 niere que si tresgrant multitude de
838 1460 1975 1572 gens vindrent au palays que pour
844 1534 1958 1664 la presse qui y estoit Le duc dacqui¬
850 1630 1980 1737 taine commāda a fermer les portes
852 1720 1976 1846 Quant Orson oyt le bruit il monta
849 1816 1952 1928 aux trestiaulx et saillit aux fene¬
868 1910 1980 2007 stres pour le peuple regarder. Lors
838 2010 1979 2119 laperceurent les gens et le monstrr¬
837 2079 1967 2206 rent lung a lautre en parlant en de¬
845 2178 1982 2300 uisant de luy en plusieurs facons et
844 2271 1982 2382 manieres. Or fut la nuyt venue qui
873 2356 1948 2468 fut temps de soupper chascun fut as
860 2449 1969 2559 sis. Et quāt le duc fut leue de table
841 2548 1955 2668 vng peu vindrent desbatement puis
832 2645 1962 2741 alerent dormir chascun en sa cham¬
843 2724 1963 2829 bre ainsi quil auoit este ordonne. Et
847 2820 1958 2940 quant Valentin fut couche il fist si
844 2910 1971 3036 gne a Orson que au pres de luy se
844 2994 1960 3091 couchast. mais Orson nen fist conte
831 3089 1959 3202 il se coucha a terre tout plat et esten
844 3179 1962 3281 du ainsi que de tous temps auoit en
840 3270 1960 3370 la forest aprins. ainsi passa la nuyt.
841 3354 1949 3473 Et quant le iour fut venu Valen¬
835 3451 1965 3561 tin et Orson furent dedens la sale
847 3538 1953 3662 deuant fezonne la belle auec luy qua
843 3632 1972 3746 torze cheualiers qui en acquitaine es
839 3726 1921 3847 toient venus pour lamour de la tres
826 3819 1949 3948 gracieuse et tres plaisante dame con¬
