3336 4540
294 460 1393 593 son cour aiqe ef auꝯmēta ef acreust
293 563 1385 685 a force frop psus foit que deuant if
261 657 1390 771 crẏe cosfanfinosse a ses gens promet
261 745 1377 853 gr.ins dons ef ꝯr aides richesses maĩs
264 832 1373 945 quisz soiet foit sqisTans.a ces motz
252 923 1383 1042 esf entre dedens sa saf aisse dug cous
259 1012 1369 1132 r aqe simer uessseup qfrop estoit ẏar
264 1102 1365 1207 oẏ cesus qui fafendoit.et pepin daus
257 1207 1371 1288 fre part et se sers cheuasier q enfres
257 1282 1363 1391 rent parniz papes enfeappat desus
242 1373 1374 1490 euss de coupz simer ueisseuz que par
256 1468 1366 1584 tout ou isz passoient uz faisoient fe
246 1568 1359 1666 chemin sarge par sagrant proe sse dit
254 1650 1362 1754 " Ders cheuasier Bien se cuid a cognos
268 1727 1357 1836 stre se souss an mor asin q ses armes
240 1814 1362 1932 regardua.Qar is esfoit de fonsignas
245 1905 1360 2025 ge pourfat quis estoit frere de.ferr as
252 2012 1353 2113 gui.niais pourfant q' se auoit que se
237 2083 1367 2210 Serd cheuafier esfoit paren iamass f
229 2193 1355 2292 ne sceust dousse q fusfrenu cesse part
250 2267 1368 2369 Si furent papens et sarr asins de cef
232 2356 1345 2468 se seure mis en tesse necessite que las
230 2464 1327 2557 muiais iz nesper oiēt auos:de moit res
234 2531 1352 2653 plt.miais pundret tofla fuire.qunt
236 2635 1345 2750 se ros descs auonpe quidu soufds fais
250 2716 1339 2833 oit larriere garde qcopoigne de cins
225 2816 1351 2911 quante mis.Jaissit sur ses cresies en
218 2913 1336 3011 menant iẏ grant crpquul seinssoit q'
222 2978 1354 3100 touf deust fondre.Et quat fepereur
214 3068 1342 3193 et se roẏ pepuz aperceuref seur senue
221 3172 1335 3275 iz ꝯeiret et considereret oien qseurs
213 3255 1344 3373 Gens est oient tr au aissez.Et ses ges
223 3348 1337 3472 Ou roz descs auoimie esoient frezef
220 3443 1346 3538 nouue ausp Pourquoẏ fut desifere
214 3535 1335 3639 enfre eusp de non ses attendre pour
214 3609 1336 3727 cesse seure presenfe.Etapres se cons
238 3704 1338 3823 ess prins firent somer fr omppoes fes
215 3794 1326 3916 et qsarons pour cus prefraire dedens
1483 479 2592 612 consfanfin osse.Leni pereur es se roẏ
1467 584 2589 680 pepin afout seur armee.Et quant
1461 663 2584 771 se ioufsan Sic que ses creffiens est oi
1460 780 2584 882 enf enfrezet recuse z dedens consfans
1465 842 2582 953 tinosse Je fist cseger sa cite mouēt
1484 958 2569 1039 oif ef de pres ef fant us euf grant no
1462 1037 2571 1150 Pre de papens parmẏ coufe sa ferre q'
1456 1107 2567 1244 se pereur et se rop pepinz de dedens cos
1468 1204 2570 1333 stant mos se faf ef en fesse mantere q
1479 1292 2572 1416 aissir deSois ne seur estoit possisse.
1451 1411 2575 1493 en ce poinf demourerent song temps
1457 1471 2570 1597 engrat susiecfion ef douste deseurs
1453 1589 2569 1679 enneniẏs qde pres ses fenoienf en de
1465 1650 2560 1773 sir ant seur morfet pourchassant fa
1454 1766 2564 1871 deffruefionet sepis de foufe fa foẏ cre
1470 1832 2563 1966 liemne.Apsous faraẏ aparser de
1445 1940 2564 2055 cesfe mafiere et sous parserap desa
1441 2011 2545 2126 senfinet de Orson qui pour samour
1441 2117 2554 2212 de escsar mondc sont enfre zensa nier
1443 2215 2548 2326 ainsi que par de uant ẏoue auez oirs
1440 2294 1812 2389 r acompter.
1520 2462 2547 2568 oument sasenfusef oisoi arrĩ
1431 2550 2545 2676 uerent au chasfe au ou effoit sasesse
1421 2653 2541 2765 escsarmonde.et comment pourfa ses
1440 2726 2549 2845 sedar aui isz eurenf cognoissance de
1420 2824 1961 2939 seur gener af fon.
2224 2833 2539 2951 ppiu. a.
1683 3072 2537 3208 Pres queasentin e.Sr
1690 3194 2535 3309 oil eurent song femps este
1686 3274 2545 3394 dessus sa mer iz auiserent
1424 3365 2541 3485 Gne isse enfaquesse auoit ong cẏaste
1420 3451 2528 3576 au moust foit et puiss anf et de grāt
1415 3546 2531 3674 De auste plain.Iesuz chasfe au estoit
1421 3633 2526 3736 touf couuert de fefoiz moust cser ef
1414 3725 2531 3838 resuisant.Et pour sa grant se aus te
1425 3802 2534 3951 Desur sien se pasasasentin a cestoit
2221 3921 2416 4066 g nͣt.
