3448 4652
848 429 1975 495 ne soẏons desprisez se sonquemenf if
856 518 1960 586 dure et regne.Prere dist. Daufr oẏ
837 609 1964 678 oẏe z que ie sous dir aẏasenfin estͤ
839 699 1953 769 niaint enanf ensa chamPre de nostre
857 790 1961 862 eur esgsenfine:saquesse chose nous
839 882 1957 954 sup auons song femps ca defsendue.
861 970 1959 1045  aur ons sone egcusafion de se pren
841 1062 1964 1135 " Dre ef noun oir guerre ef des at cons
842 1153 1955 1227 fre suẏ.Etpour faf se cr oirc me fou
826 1243 1947 1318 sez nous irous ensa cham re et par
822 1338 1943 1405 nous serc nus a morf.puis ious lus
834 1427 1945 1498 rer os auroẏ que quec nostre seur fas
830 1519 1958 1589 ur ons frouue faisanf desse sa souse
831 1610 1949 1679 fe. "Auisi parserent ses deup frq'ẏs
837 1701 1943 1771 fres ef dessoẏ ausp.et qisi come ses
827 1793 1947 1863 iuiifz par seur enupe iz crucifier enf
830 1885 1944 1951 et niacẏmerent sa mort de nosfreseĩs
821 1976 1941 2044 gneur ci forf et sans cause.Touf annt
839 2068 1942 2133 li firent ẏausroẏ et seurẏasentin
837 2155 1939 2227 qui fant eft oit desommaire et a fous
838 2248 1928 2317 oseẏssant.que oucques de safouche
823 2336 1940 2411 Ougsiss ain uot ne saissit.Et apres
830 2425 1946 2500 quil zeurent faif ef acheue seur fauf
827 2518 1940 2591 ce et maussite enfre priuse isz aserēt
810 2609 1909 2682 ensa chainOre de sa fesse plaisante el
824 2702 1913 2773 gs en fine.et fout aussi fosf que sauS
835 2795 1931 2865 fr oi futentre Nadist aDasenfin
819 2885 1936 2956 ui auuais et dessoẏcs homme or cons
819 2978 1931 3049 gnoissons nous que de fa fosie et ouf
820 3070 1936 3138 er ageuse sousenfe ne fe seusp point
803 3157 1944 3229 resir auidre ne refirer.Mais en pers
826 3249 1938 3321 ieuer ant en ca mafice ef fosse opoinus
812 3338 1931 3411 on en pourcassant de sour en our
813 3433 1921 3505 se dessomeur de nosfre pere se Soẏ
816 3525 1928 3593 pe pin.par se moẏenef acors de nos
833 3612 1927 3686 fre sausce et dessoẏcise seur esgsenfu
803 3705 1925 3777 ne:De saquesse sous faicfes as offre
802 3798 1924 3869 psuisir efsousente.t out ainsi que de
2063 430 3197 504 Gne fenunie ni asseureuse et dissosue.
2063 520 3180 592 Pourquos cest Gien droif ef rapsons
2065 610 3168 682 que massous ensiengne.Et puis
2076 697 3176 774 que se ropz de ce faif ne tienf compfe.
2061 791 3172 865 cesf force que sengance de sous noᷤ
2059 881 3164 954 preugnons.En sisant ces parosfes
2064 974 3166 1044 Nauffroẏ aseue samain i a sr appe
2056 1065 3174 1134 Dcsenfin cessement que par sa Pou
2053 1153 3161 1225 che sup afait se sang cersaissir.puis
2068 1242 3164 1316 eur s sest approche quidunc g'auss
2053 1334 3162 1408 ue frenchanf ef agui a cuise Dasens
2060 1425 3162 1497 fin frapoer moust ouser ageusement
2045 1517 3163 1588 Et quant Drson ci seu que ons ous
2053 1610 3158 1679 soit oustr agers asentin Iest sassẏ.
2052 1701 3132 1772 qu anf ef asaisse sigraf coup aẏaul
2063 1789 3157 1863 roẏ que de sa main sesue c ferres as
2042 1880 3155 1952 Safit.Puis est couru sers Genrẏef
2046 1973 3160 2044 cefsemenf enfre ses fras sa estr cuf
2036 2062 3162 2134 derrie que se neussenf este ses dames
2043 2154 3160 2227 qui dison appoaiserenf ef parifieref
2083 2245 3156 2316 Iamais de sa ẏsenz eust seu respit.
2043 2337 3077 2408 Lors se seua se crẏensa chamSre
2044 2429 3158 2500 grant que grat par fie des seigneurs
2031 2518 3149 2590 etfarons de fa court smnōrent enfa
2043 2607 3158 2682 chamẏre.Et quanf iez onf aperce u
2042 2695 3146 2772 que Orson sẏ mas menoit ses deus
2047 2785 3155 2864 fuz du rop sszsontsousir se apper se
2032 2878 3143 2955 g' aisues cf de espees ef fous confre
2043 2972 3148 3044 sup se sof mis en defsence pour se foit
2031 3064 3144 3134 soir tuer ef meffre a mort.Adoncs a
2025 3155 3136 3226 sentin poureison secourir fẏra son
2032 3246 3145 3320 espee.Si a iure que sis ẏa pfus hos
2036 3335 3130 3407 ne qui orson frapoe ne fouche quoẏ
2038 3426 3139 3501 quis endoiue quenir sa sie fup osfes
2035 3519 3109 3593 r a.puis fait signe aoison que plus
2038 3608 3123 3684 us ne fr appe.et orson ci fat se refrant
2042 3697 3131 3778 sans nus oustr asqe faire.Et saufs
2038 3793 3137 3869 frop ce ẏeurẏsont asez ẏers se roppe
