3300 4516
278 449 1374 518 pin dosens ef courroucez.puis suẏ ci
289 538 1371 608 dit ẏauffroẏ.Da sire mas fuf oncs
269 627 1368 698 nesasentus que si chier sous fenez.
281 717 1367 790 car se ans a amene se sauiaige par q'
274 806 1368 879 nos ef mon frere auons esfe en dans
286 898 1381 968 ger et peris de mort.Sire fr op maf
281 986 1353 1057 ferez se plus sous se faissez siure.
285 1075 1375 1146 Par dommasqe ef deshoneur sous
283 1164 1367 1239 poisera de fries.Pour oieu faic.es
279 1254 1369 1327 qui soit noẏe ou pensin.car riens ne
283 1343 1335 1416 s qust sagarde de sa comp aignse.
288 1435 1376 1507 Quant se RoẏDepin oẏt ses nous
284 1523 1376 1593 uisses moust frisfre ef desenf en fusf
280 1611 1376 1682 Et ci dit qui sera se sauuasge ensne
276 1700 1372 1776 four mener ef fermer en tesse manie
272 1790 1380 1864 re que lamaissaissir ne pourr a.fors
284 1880 1380 1951 que par congie.Le ros fist senirs qas
282 1969 1376 2043 sen fin pour demander de ce fait.Et
281 2059 1375 2131 s asentin sus compte senfre prinse tes
282 2150 1368 2220 se quesse auoit este fasese par s aufl
297 2236 1380 2309 fros et heurẏ.Sire dists asenfin Je
283 2327 1379 2400 effoie ensa chamOre de mas ame sos
300 2416 1382 2486 ffre fisse.en sa comp aignie de plusĩs
287 2505 1384 2578 eurs dames et damoisefes qui foif
289 2595 1371 2666 sesiroient aẏeoir oison et principas
288 2683 1380 2758 sement madame esgsentine ie fuẏlas
276 2773 1384 2845 uoẏe mene.Sine scaẏ pourquoẏne
290 2864 1370 2941 ai ques fistre messeigneurs soz deus
295 2955 1379 3023 fiz Nauffroẏ et henr ẏ sont enfa che
292 3043 1374 3117 " re enfrezenmoẏ disant que de sos
306 3130 1374 3204 re fissesousone faire a mon plaisir
275 3221 1377 3293 ef que de pieca fe scauoiet sien.ef en
281 3312 1381 3381 disant fieres ef orgueisseuses paros
283 3401 1378 3473 ses s.auffroẏ par oust ageuse sousen
284 3491 1381 3564 fe ma fr apoe.ef heurẏde son espee ma
291 3580 1368 3650 Sie ma cuide offer.Sison sopanf q'
282 3667 1376 3740 mon corps estoif ensanger esf ase de
276 3762 1384 3832 uers eusp et ses ci fosdeus rue par fer
1486 452 2580 530 re en fesse maniere qpour cesse cause
1478 546 2582 619 se sruit et se crẏ enest fef ques ous se
1483 635 2563 707 sopez.Et is sorcin dist pe pin ainsi q'
1478 725 2577 796 sous.dictes.Oẏ sire ce dists isen.uni
1506 815 2568 885 ur sa peine de nia ẏie.qustre chose
1477 902 2564 975 ne quffre cause ie npseaẏ.ef par dieit
1478 992 2562 1063 dist se rop pepin Sison ci fait sonz de
1479 1081 2575 1151 uoir ef ce qui deuoit faire.Et sous
1483 1172 2556 1240 Nauffroẏ ef heirẏges esfes enuieus
1482 1260 2568 1331 et de males ousente psainsJesoẏs
1470 1350 2561 1421 ef cognois ciercment que de toute so
1484 1437 2581 1510 ffre puiss ances ous querez de iour en
1482 1528 2565 1599 sour nupre as' asentin.Sien esiez de
1474 1618 2567 1687 n quu aise nafure de pourchasser sons
1470 1708 2565 1777 mas quant ẏoss oẏez que ile saẏmeef
1487 1796 2572 1868 Nsoẏaument me sert.Jesosdeffes
1476 1886 2579 1957 de suẏ mas fousoit.et sesaissez ai tāf
1477 1974 2558 2046 car se fuẏne mede us pour austre des
1493 2064 2560 2136 faire.et se suis sien cert ain que non
1479 2155 2568 2225 desẏomeur iamais une sesousdroit
1484 2243 2566 2314 querir ne ser chier.Sinsi se de parfēf
1485 2331 2575 2405 Nauffroẏ ef heurẏqui moust furenf
1492 2420 2571 2495 sosens et despsaisans.Nasentin oe
1473 2512 2569 2584 moura ensa lase quecses austres ses
1484 2602 2567 2673 gneurs et sarons de sa courf.et Si
1512 2691 2572 2763 on sen sa parmiz se pasais.entre
1477 2781 2568 2852 en sa cuisie et soit sa siande que se
1488 2872 2560 2941 cuisiner ẏafissois pour se soupper.si
1479 2961 2563 3031 esf approche de fuẏef apris deus cha
1483 3050 2574 3120 pons fouf cruz ef fes meque ef mort
1485 3140 2571 3209 cinsi come ong chien.Et se cuisiner
1480 3229 2575 3298 print ons peseiset enfrappa ors omse
1481 3318 2544 3387 gr ant conpque fout psoper se fisfe
1490 3405 2574 3477 dont se faisse Orsonet print se cuiz
1499 3499 2568 3566 mier et se ge:fadesins ferre.ef fanf
1497 3587 2567 3655 de cou pzfu pdonna que apeu qui ne
1493 3675 2571 3742 fut morf.Les noiuesses sinōrent
1495 3762 2579 3837 cui rop que erson fuoit se cuismnier
2328 3925 2480 3996 duui
