3336 4540
232 456 1336 532 sa fesse escs armoirde par saquesse fit
229 640 1339 708 de qies pere fues engendre ef de quef
229 730 1337 797 se mere porte.Et si te commande en
224 817 1330 890 nouide dseit que de uanf quie fon com
244 903 1332 978 paignon espouse sa fesse fezome fit
238 995 1337 1069 par fasces ceffupsoẏage. De cesfesi
247 1086 1336 1154 Nion fustsasenfmn en grant pensee ef
240 1174 1346 1249 en grant niessencosse en sousp pass a
244 1262 1328 1335 sa nuẏt fant que se sour fust cler sas
244 1350 1328 1427 prenie nus repos.Et qu ant fe sour
255 1445 1336 1514 fus senu is fist seuer oison et aserēt
244 1533 1343 1604 au pasais ensa sase ou se sers cheuai
246 1625 1350 1692 sier quec ses qustres sarous ef cheuci
237 1714 1350 1782 siers estoit en cit fensant se ẏons duc
263 1802 1341 1875 auarẏsine demoura pas soguemēt
242 1893 1338 1963 que se duc enfra ensa safe.et fant ost
241 1984 1335 2052 quis fut. Lesers cheuasier si prinse
240 2072 1340 2140 La par ose ense safuanfenfoufe reue
244 2158 1342 2232 rence deue puis fup adisf." franc duc
271 2249 1339 2321 NIe est Praẏet cerfasn que desens se
244 2342 1328 2412 femps enfresous ef moẏ assigne saẏ
235 2432 1348 2499 este conquis efsqincu poursaquesse
237 2522 1343 2589 chose ie nap occcsion ne droit de riēs
252 2611 1341 2682 DemanDer asoffre fiffe.mals de cess
247 2701 1336 2772 te seure sa quicfe et foffre paẏs feuf
244 2790 1350 2860 des ausser en pais alsi comme iaẏ pro
244 2881 1336 2956 mis et pour mons sermene aequiffer. "
263 2969 1344 3038 Je sous requiers et prie que me fas
260 3059 1339 3132 chez domer sesacrement de saptess
250 3151 1335 3222 me anuz que se puisse effre a diei se
246 3241 1337 3312 tout puiss ant plus aggre sse.Me
251 3330 1344 3401 u csier dnt se duc sien cuez parse ef ai
250 3419 1344 3489 Goffre requeffe ie seusdu fout oseir
251 3510 1336 3575 Mar ci ce ste ẏeure presente sous ses
251 3599 1352 3671 rezsaptise.Le duc cominan' que
249 3690 1344 3758 on seisf sentr song preffre pour saps
240 3782 1358 3853 Niser se sers cheuasier.Et quant ce
1440 457 2528 528 Ginf qui fuff surses fons pour ses a
1436 544 2523 618 ptesme recepuoirNisenfin qui pre
1445 638 2522 707 ient fist parsa deuant fous disant
1447 725 2533 797 austeniet.Seigneurs qui cẏ esfes
1437 813 2531 887 aissemẏsez sis psuist aus aissant duc
1434 902 2535 974 de moẏ domner ong don iesuẏrequis
1435 994 2531 1065 ers ef prie que cesfus cheuasier soẏt
1427 1083 2526 1154 noinuie pe pin."Qar cest se propre no
1441 1173 2540 1243 du nosse etsaissant Poẏde fraince.
1433 1263 2535 1333 qui moustdouicemient mia nourrs ef
1440 1354 2534 1421 quidesus fous prnces eit se plus
1432 1441 2534 1511 s quTint ef preus.par quop ie desire
1436 1532 2532 1600 que ce ffus cheuasier en porte se nonz
1432 1619 2531 1692 N sa demande deSasenfus se cosei
1444 1711 2538 1782 firenf ef acoidereuf foue ceufs qui
1448 1802 2531 1870 en sa presence effoienf Et ci sareque
1452 1891 2530 1958 e fusf se sers cheuasier appesse pes
1440 1977 2544 2050 pin:seques noiz is poitade cesse seus
1443 2071 2535 2139 re iusques isa fin de ses iours.Et
1448 2159 2534 2229 apres quif fust sapfise.Le duc daci
1446 2251 2540 2318 quif aine sit GeuirSasentlii etOrs
1465 2341 2536 2411 onz pour espouser sa fissesasessed as
1447 2427 2545 2499 uie fezoine.Mlais s asentuisur snt
1445 2523 2533 2591 par maniere descusacion comumes iz
1442 2610 2540 2677 auoient sur e. Orson souez et pros
1444 2700 2544 2768 nig dafer enierus asemi premieremef
1438 2792 2510 2859 ef deuant que nusse auftre chose fef
1462 2879 2527 2950 enf cipres que se sers eu asiec c'
1441 2972 2535 3038 ur olent conquis.EtsouszsomPre
1446 3062 2538 3128 de cefte epcusacsonfe ouc seur doun a
1441 3150 2534 3217 conge ef ficence par ainsi que Orson
1443 3241 2535 3307 iur ci et proiuist de refourner eiz qes
1440 3330 2536 3398 quif aine "Apres que son soẏage a'
1448 3418 2518 3488 ur oif acompss ef parsait.ef au psus
1452 3509 2532 3578 fost que refourne ser oit sa fisse fezo
1441 3601 2533 3669 mie N sa piedroit en mariage pour
1443 3689 2507 3759 espouse.Et qunit se saisTanf et pui
1465 3781 2554 3850 sant ducsait.irẏdacqfaine entedit se
