3460 4652
815 490 1926 558 du palais et que nul nosoit de lui ap
820 579 1936 649 procher. dont le roy fut fort courrou
824 669 1935 739 ce et fist venir orsō et luy a fait signe
821 760 1935 828 que il le fera pendre. mais Orson a¬
831 850 1930 918 la tantost querir le pesteil et mōstra
818 938 1927 1010 au Roy comment le cuisinier lauoit
819 1029 1935 1101 rudement frappe. Et quant le roy co
809 1118 1933 1190 gneust le cas il pardonna tout a or¬
852 1207 1931 1281 son. et commanda que nul ne le tou¬
832 1297 1923 1368 chast plus. Et valentin qui luy mō
835 1388 1932 1458 stra mode et maniere de soy gouuer
814 1478 1923 1552 ner parmy le palays pour le temps
822 1569 1927 1640 auenir. Valentin print la chairge et
846 1658 1928 1730 si bien lenseigna que depuis il ne fit
816 1749 1926 1819 a nul mal ne desplaisir. qui premier
818 1841 1930 1906 en luy nen faisoit. et en ce point de¬
817 1931 1922 2002 mourerent longuemēt avec le Roy
823 2022 1934 2092 pepin qui estoit leur oncle. mais Il
824 2113 1386 2185 nen scavoit riens.
927 2204 1923 2275 Comment le duc sauary enuoya
818 2296 1928 2368 devers le Roy pepin pour avoir se¬
817 2386 1934 2461 cours contre le verd cheualier qui a
839 2479 1905 2556 force vouloit auoir sa fille fezonne.
1625 2574 1915 2655 xv.chap̄.
2303 483 3144 549 N celuy temps que orson et
2319 571 3141 639 valentin estoient ensemble
2310 657 3153 732 a la court du roy. de par le
2042 732 3157 819 duc Sauary vīt vng cheualier deuers
2048 841 3142 910 le roy leq̄l apres q­ͥl eust fait toute re
2039 930 3139 1000 uerence au roy parla en ceste manie¬
2035 1020 3140 1089 re franc roy puissant et sur tous re
2039 1111 3135 1178 doubte le bon duc sauary a qͥ seruāt
2045 1202 3140 1268 ie suis par deuers vous menuoye re
2040 1289 3138 1359 querant que par vous puisse estre se
2044 1378 3153 1450 couru contre vng faulx payen qui la
2040 1470 3145 1540 assiege. et se nōme le verd cheualier
2044 1563 3148 1629 qui par force darmes et mal gre son
2043 1653 3142 1719 courage sa fille veult auoir qui est la
2040 1744 3135 1811 plus belle qͥ puisse estre. et si a trois
2062 1832 3140 1901 freres moult hardis et puissās. cest
2043 1926 3135 1992 assauoir Garin Anseaulme et Ge
2032 2015 3140 2083 rin le plus ieune. Messeigneurs sa¬
2031 2102 3144 2171 chez que voulentiers secourrōs le bō
2027 2195 3138 2266 duc et si luy aiderons en son besoing
2035 2286 3140 2353 de toute nostre puissance. Sire dist
2034 2377 3132 2444 le messaiger dieu vous en sache gre
2033 2467 3128 2535 Car vous ferez aulmoisne et vous
2032 2557 3128 2627 remercye de par mon maistre cincq
2027 2650 3133 2718 cens fois. En disant ces paroles vit
2022 2740 3120 2807 dedens le palays vng aultre messa¬
