3436 4628
868 1795 1970 1888 le chasteau ou le verd cheualier la¬
875 1890 1980 1980 uoit ēuoye pour sa seur esclarmonde
878 1979 1976 2075 trouuer Il ala tantost celle part et
866 2072 1962 2163 descendit a terre a vng des pors de lis
876 2158 1980 2256 se. et quant il fust descendu il enquist
866 2255 1978 2348 et demanda a qui estoit cestuy chaste
876 2342 1976 2437 au qͥ tant estoit beau et ētre les aul¬
870 2431 1979 2528 tres poly et biē aorne. Et il luy fust
868 2528 2005 2616 respondu que icelluy chasteau estoit
862 2615 1984 2712 en la garde de esclarmonde seur du
876 2707 1982 2803 geant ferragu. Et que par vng sar¬
864 2800 1980 2892 rasin moult riche auoit este edifie. le
868 2886 2012 2981 quel sarrasin entre les aultres no¬
874 2978 1980 3077 blesses excellentes qui sont en icelui
870 3070 1960 3166 chasteau fist faire et composer vne
882 3160 1978 3256 chambre moult belle et sur toutes ri
864 3254 1985 3346 che de laquelle chambre les richesses
874 3344 1968 3438 vous seront cy apres decliarees. Et
876 3433 1984 3532 oultre plus fust| dist a valentin que
878 3526 1980 3619 dedens celle chambre il y auoit vng
876 3617 1980 3707 pilier moult riche et excellent. Sur
876 3704 1977 3801 lequel auoit vne teste darain: laquel
872 3795 1980 3889 le iadis si auoit este par vne face fort
890 3888 1968 3982 subtillement et par art dingroman¬
2090 529 3189 603 ce faicte et composee. Laquelle teste
2071 626 3200 692 estoit de telle nature quelle rendoyt
2084 715 3200 784 responce de toutes les choses que on
2096 803 3194 874 luy demandoit. Et quant valentin
2092 898 3200 965 entendit la declaration du chasteau
2080 986 3198 1057 en son cueur fust moult fort ioyeulx
2082 1075 3190 1145 Car bien se pensa que cestoit le lieu
2090 1164 3184 1237 ou le verd cheualier luy auoit dist
2084 1254 3196 1326 quil trouuerroit sa seur esclarmon¬
2090 1345 3187 1418 de qui sur toutes aultres de sens et
2092 1435 3186 1509 de beaulte estoit des grans et des
2086 1526 3187 1599 petis renommee. Plus oultre nen de
2092 1618 3188 1692 māda pour celle heure presēte. mais
2083 1706 3192 1784 se mist en chemin lui et Orson pour
2091 1798 3196 1873 aler en iceluy chasteau et tant ont che
2076 1888 3192 1963 mine que ilz sont venus deuant la por
2092 1980 3183 2056 te pour entrer dedens. Mais ilz ont
2084 2069 3177 2144 trouue dix hommes fors et hardys
2078 2161 3192 2234 que de iour et de nuyt auoient de cou
2096 2250 3184 2325 stume de garder la porter. Et quant
2078 2341 3188 2415 ilz veirent Valentin et Orson qui de
2094 2432 3189 2504 dēs vouloient entrer ilz leur ont dit
2103 2524 3183 2594 Seigneurs retirez vous arriere. car
2104 2611 3192 2686 dedens cestuy chasteau ny entre nul
2086 2704 3191 2781 tant soit de hault lieu venu sans le
2084 2792 3188 2868 conge et licence de vne pucelle a qui
2086 2881 3180 2962 la garde en appartient qui sur tou¬
2078 2974 3184 3053 tes celles du mōde est de beaulte gar
2084 3064 3195 3141 nye. Amy dist Valentin alez vers la
2078 3153 3192 3231 pucelle et luy demandez se cest bien
2104 3247 3192 3325 son plaisir de moy donner entree en
2099 3337 3191 3414 son chasteaux. Lors le portier monta
2088 3426 3188 3504 au dongon du chasteau Et entra en
2081 3515 3191 3594 la chambre ou la belle esclarmonde
2076 3605 3179 3685 estoit puis a mis le genoul a terre et
2075 3696 3177 3775 luy a dist ma tresredoubtee dame de
2082 3786 3187 3868 uant la porte de vostre chafteau y a
2086 3882 3185 3959 deux hommes qui dedens veullent
