3324 4540
260 489 1377 569 enfrer et seinssent gens de fier cous
248 580 1380 657 r asge ef de grant orgueis psains et se
252 668 1364 750 Oe enfeur mansere quiz soient gens
260 760 1369 838 de mauuais cour aige ef ciff aire et co
261 853 1369 926 fr aires anostre soẏ.Or dicfes soffre
261 944 1365 1012 sousente etrespondez aun gardes de
266 1031 1371 1108 sa porce quideuers sous menuoẏef
275 1121 1369 1194 issous psaist desesfaisser entrer de
273 1210 1356 1282 Gens ou nonz.Tinz dist sa pucesse des
260 1301 1372 1371 cede z ensas et ie prap aus crene aus
257 1390 1374 1461 pour Se oirsquesses gens ce sonf far
250 1481 1371 1553 Bien garDer ses portes.ar seseus a
266 1569 1378 1642 eurs parser.Le poifier sescenoit en
262 1659 1382 1733 Oas et disf ases compaignos que fa
272 1751 1379 1820 porse fustGien gardee fant que sa da
267 1842 1384 1909 me fust au feneffres pour sa respoce
268 1929 1388 1997 domer.Lors escsarmonde qui fusf
287 2020 1373 2088 sqe et sien cprinse sur ong daap de
280 2109 1376 2175 fuz orsatu misffes ẏrns jur sne fes
264 2200 1380 2269 neffre ef puis adist asasenfui.Qut
265 2291 1374 2355 estes sous.que par sigrant ẏardiess
288 2377 1390 2447 e souse z enfrer dedes mon chasfe aunt
292 2467 1388 2537 ans ficence demander.Same dists qi
273 2557 1390 2625 senfnz qui sardiment parsa.Jesuis
284 2647 1382 2714 Ong cheu asier qui passe mon chemin
301 2736 1389 2806 sousorone ien sis sous plaisoit
280 2826 1392 2895 parser cisa feste dar aui qui c chascir
291 2916 1396 2985 dome responce.Sẏeuafier ce distfa
289 3006 1395 3074 same einsinẏ pouez sous pas par
288 3097 1388 3164 ser se de fung de mes frerezne mipor
289 3184 1380 3254 cez cerfaines enseignes:Cest du roẏ
318 3268 1405 3344 err agu ou du ẏers cheuafier qui de
298 3362 1392 3435 car far ie cilaseigneurie et domin acls
304 3454 1402 3526 on.ef se de funs des deupsous nias
299 3543 1399 3612 portez enseigne ou cer fific aflon Je
295 3635 1408 3700 soussasserap enfrer ou chasfe au a
297 3723 1408 3789 sostre son psaisir es fousente.Et sa
340 3814 1396 3884 hez que par misse austre maniere nẏ
1476 493 2590 563 pouez sous enfrer ẏors seusement
1467 586 2576 651 par ong poinf que ies ous diraẏ.cest
1487 673 2579 742 quesous piene z conge du chaffefain
1481 763 2568 830 de cesfe p'ace seques ie so' domer aẏ
1471 853 2578 922 par fef conuenant que deuant gous
1475 943 2571 1010 penfrezs ous ioufferez cifuz cinq oir
1488 1030 2572 1103 ip coupzde sance.Nisous cuisezses
1475 1121 2567 1191 ques sous aẏnes plus chier dafer q'
1461 1208 2571 1282 rir cer taines enseignes de sug de mes
1487 1300 2573 1371 freres comme ie sous cẏ dist. Daie
1476 1390 2576 1462 oist aisentinsascfes armer sosfre
1473 1479 2575 1551 chcffess.ain.car iaẏme pfus chier con
1481 1570 2572 1641 tre soffre cs csf esfain cos afre ef par
1471 1657 2577 1732 champ de saf aisse gaigner ef desers
1483 1746 2575 1822 uir denfrer en soffre cẏẏcsfe au que se
1481 1836 2587 1914 ne faẏ par prieres requeffes ou fiafe
1464 1927 2582 2004 ries.Ainsi parsaDisenfuz asa sess
1482 2016 2574 2091 se escCar monde qui fanf fuf de cous
1470 2104 2586 2183 r aige sasTant et ẏardẏ.que nonoss
1484 2194 2590 2273 sfant quis porf ast du Sers cheu asier
1481 2288 2584 2364 enseignes cerf aines Tane au doz Je cs
1477 2378 2578 2453 nia mieusp sa fsouffe pour soi corps
1485 2467 2577 2543 esprouruer que fsane au monsfrer seqs
1482 2556 2590 2634 cisa fesse escsarmonde deuoit presens
1487 2647 2588 2725 cer.Et qu aint la dame seĩt sa sousē
1493 2737 2589 2815 ce et hardẏcouraige dequoẏ i estoit
1480 2826 2583 2904 plain.de cesse seure esse fust de son ci
1489 2916 2593 2993 nour esprinse par sng ardanf desir
1488 3011 2585 3081 qui cu cueur sup foucha.Esse mot a
1485 3096 2588 3173 ensa chamOre ou effoit sa fesfe dar at
1493 3185 2591 3263 et fur demade qui est cesuẏ cheu asier
1494 3274 2595 3352 qui asi grant cour aige denfrer en ce
1488 3363 2587 3441 chaste it.dame ce dist sa feste du ches
1497 3457 2589 3532 u afier ne de son effat par mos riens
1488 3546 2590 3623 nen seaurez fusques a ce que deuanf
1484 3636 2591 3711 moẏsous saurez amene pour cesse
1496 3725 2588 3803 responce fusf sa fesse escCarmode pourr
1496 3826 2590 3892 samour desasentuien grant souss ẏ
2292 3997 2449 4080 g iuĩ
