2481 1749
1142 82 1192 104 Nr.
1210 83 1223 104 1
1235 96 1248 98 -
1261 83 1297 105 II.

293 151 309 190 I
392 151 476 193 (ïi)
489 152 613 184 Diccio
624 152 760 184 Gallice
771 152 903 184 dictata

345 197 481 224 habens
503 196 664 225 sillabam
679 196 830 233 primam
845 196 902 225 vel

343 236 499 267 mediam
520 237 556 267 in
576 246 594 266 e
607 237 730 267 stricto
742 247 805 267 ore
818 246 900 275 pro-

342 278 545 310 nunciatam
568 278 716 318 requirit
736 279 827 309 hanc
847 278 900 309 lit¬

344 319 457 350 teram
482 319 499 350 i
520 325 602 350 ante
617 329 635 349 e
647 320 900 361 (pronunciari)

342 363 443 402 verbi
451 362 575 402 gracia
595 361 674 392 bien
691 361 772 392 dieu-
787 360 900 392 niieuz

343 403 492 434 trechter
513 402 602 433 micr
626 407 662 434 et
682 403 732 434 sic
759 404 803 434 de
820 414 900 434 con¬

343 444 522 476 similibus.

384 486 428 526 (T
444 486 473 527 2)
497 486 536 519 Si
553 488 672 518 autem
688 488 754 518 hec
765 487 900 519 vocalis

342 537 358 559 c
381 529 632 569 pronuncietur
656 534 758 561 acute
780 539 846 569 per
862 539 900 561 se

343 576 439 601 stare
469 572 577 601 debet
608 571 683 601 sine
711 571 815 611 hujus
837 581 898 601 vo¬

343 611 428 644 calis
472 611 490 644 i
521 613 758 653 processione,
799 612 900 644 verbi

342 654 465 695 gracia
485 654 578 686 bevez
602 664 716 685 menez
745 656 837 685 tenez
865 658 900 685 et

343 697 393 726 sic
417 697 461 727 de
485 696 734 727 consimilibus.

1000 152 1048 194 (H
1067 153 1095 194 1)
1119 152 1243 185 Diccio
1269 152 1404 185 Gallice
1428 154 1512 196 dic¬

954 198 1043 232 tata]
1078 191 1213 225 habens
1248 197 1397 235 primam
1420 197 1512 226 silla¬

952 238 1038 267 bam
1059 237 1118 267 vel
1139 237 1294 267 mediam
1308 237 1344 267 in
1353 247 1372 266 e
1388 237 1512 268 stricto

956 289 1018 310 ore
1041 279 1340 318 pronunci[a]tam
1368 278 1511 318 [rjequi-

955 321 1000 350 rit
1017 321 1108 350 hanc
1132 319 1286 351 litteram
1308 319 1325 350 i
1346 325 1428 350 ante
1445 329 1461 349 c
1476 320 1510 350 in

953 362 1129 401 scriptura
1165 363 1266 402 verbi
1289 362 1411 402 gracia
1433 360 1511 392 bien

953 401 1032 434 rien
1036 412 1043 438 ,
1068 401 1178 434 chien.

995 486 1043 522 (H
1057 487 1091 526 2)
1117 487 1181 519 Set
1198 488 1226 518 si
1240 487 1356 518 autem
1368 487 1434 517 hec
1449 497 1509 518 vo¬

954 528 1039 560 calis
1073 539 1090 560 c
1124 530 1373 570 pronuncietur
1406 534 1510 560 acute

951 580 1017 609 per
1033 581 1072 601 se
1087 576 1182 602 stare
1196 572 1303 602 debet
1322 571 1395 600 sine
1407 571 1510 609 hujus

951 611 1086 644 vocalis
1110 611 1127 643 i
1146 613 1380 653 processione,
1409 613 1511 644 verbi

950 654 1074 694 gracia
1118 654 1212 687 bevez
1257 662 1368 685 menez
1417 654 1509 685 tenez

945 698 1083 736 pernez.

997 756 1033 788 (II
1047 757 1074 790 3)
1097 759 1156 781 Mes
1178 758 1203 781 la
1229 757 1349 781 darreine
1372 756 1447 779 reule
1469 760 1510 781 est

952 791 1080 822 obscure;
1109 800 1207 825 purceo
1242 792 1371 816 entendez
1402 791 1464 824 qu’a
1483 792 1510 817 la

951 827 1039 852 foitlie
1059 829 1207 854 escriverez
1225 829 1235 851 i
1254 828 1351 851 devant
1371 836 1393 854 <\
1417 835 1509 860 mesqe

949 863 1051 889 l'avant
1078 866 1118 889 dit
1145 874 1160 888 e
1184 865 1236 888 soit
1263 863 1413 896 pronuncie
1433 872 1509 888 corne

950 899 1049 924 devant
1069 904 1111 924 est
1131 901 1171 923 dit
1192 906 1267 930 âpres
1286 903 1347 923 tous
1369 900 1406 923 les
1425 899 1508 923 letres

951 934 996 960 dul
1025 938 1085 962 abc.
1127 936 1216 969 Apres
1246 936 1260 959 b
1291 937 1364 961 corne
1394 936 1447 961 liez
1477 933 1506 968 fl.

949 971 1053 1005 bien?],
1074 980 1150 1004 âpres
1171 980 1184 995 c
1204 978 1279 995 corne
1294 974 1348 996 ciez
1361 972 1388 1005 |1.
1401 970 1506 1005 chien?]

949 1010 975 1031 et
1001 1008 1106 1033 similia.
1147 1008 1250 1030 Purceo
1275 1009 1404 1032 entendes
1429 1015 1461 1039 qe
1482 1008 1508 1032 la
1533 1020 1534 1034 !

949 1043 1023 1068 reule
1046 1044 1127 1070 estoit
1151 1046 1177 1067 et
1199 1049 1271 1067 serra
1294 1044 1425 1069 entendue
1456 1043 1504 1068 des

951 1078 1074 1104 sillables
1095 1086 1174 1103 corne
1184 1079 1271 1109 Latyn
1286 1080 1326 1103 àit
1336 1082 1438 1103 habens
1445 1082 1506 1110 pri¬

950 1123 1020 1140 mam
1035 1117 1164 1141 sillabam
1176 1115 1203 1139 in
1215 1123 1235 1140 e.
1257 1112 1293 1147 (II
1305 1117 1332 1147 4]
1347 1119 1373 1140 et
1389 1113 1504 1149 fsafches

1567 202 1642 227 tata
1676 199 1812 227 habens
1849 200 2000 238 primam
2029 202 2122 230 silla¬

1564 240 1649 269 bam
1671 240 1731 269 vel
1752 241 1908 270 mediam
1922 240 1958 270 in
1969 251 1987 270 e
1998 242 2123 272 stricto

1567 290 1629 311 ore
1664 281 1934 320 pronunciatam
1977 283 2124 322 requirit

1565 323 1654 353 hanc
1679 322 1833 353 litteram
1856 322 1875 353 i
1895 328 1976 355 ante
1992 333 2009 354 c
2024 325 2124 355 verbi

1564 364 1687 404 gracia
1711 363 1789 394 bien
1810 364 1890 395 rien
1911 365 2010 407 chien
2023 365 2123 407 pier

1563 404 1674 437 micr
1696 411 1731 436 et
1756 406 1888 437 similia.

1610 153 1679 196 (Cü
1697 154 1725 196 1)
1748 155 1872 188 Diccio
1891 155 2028 189 Gallice
2053 158 2123 190 dic-
2188 160 2206 174 M

1608 488 1677 530 (CO
1693 490 1723 527 2)
1741 488 2047 531 Quandocumque
2057 492 2124 523 hec

1562 532 1696 563 vocalis
1720 539 1736 561 c
1752 532 2006 571 pronunciatur
2020 539 2124 566 acute

1563 582 1628 612 per
1645 582 1683 603 se
1700 578 1794 602 stare
1812 574 1920 604 debet
1932 575 2007 605 sine
2018 576 2124 616 hujus

1565 613 1582 645 i
1602 614 1838 655 processione,
1867 616 1968 657 verbi
2000 618 2125 657 gracia

1562 655 1655 688 bevez
1678 655 1770 687 tenez
1786 655 1896 688 lessez.
