2481 1749
285 435 320 480 II
396 441 440 480 (T
455 443 487 481 3)
517 442 691 472 Preterea
709 444 822 475 diccio
845 450 915 475 ter¬

354 483 488 516 minata
518 482 553 516 in
579 493 596 516 e
623 484 727 527 plene
761 496 914 528 pronun-

354 525 448 557 ciata
481 526 588 557 debet
625 527 731 558 scribi
764 537 842 559 cum
879 537 916 559 ee

351 568 544 607 geminatis
553 570 655 609 verbi
665 570 789 609 gracia
800 571 914 608 donec,

352 619 453 643 amce.

396 760 438 800 (T
454 763 487 800 4)
530 762 681 802 Quando
706 763 818 795 diccio
842 770 912 797 ter¬

353 802 487 833 minata
508 802 543 834 in
570 814 588 833 e
615 805 809 845 semiplene
830 816 913 846 pro-

350 843 553 881 nunciatur,
593 855 665 877 non
702 847 912 888 geminetur,

350 886 453 926 verbi
472 888 596 926 gracia
610 891 741 930 meynte
747 888 848 931 ferne
863 892 914 921 est

350 926 441 960 bone.

970 98 1057 136 [q’en]
1079 111 1150 130 ceste
1175 102 1280 129 sillable
1308 103 1406 128 devant
1428 110 1440 125 e
1460 102 1527 127 dont

968 144 1003 159 ne
1021 140 1139 171 mitterez
1158 141 1204 171 pas
1220 141 1232 163 i
1249 146 1323 163 come
1342 146 1429 163 venez.

1013 171 1053 204 (Il
1064 176 1108 209 4a)
1139 176 1198 200 Mes
1224 174 1265 198 lez
1290 182 1335 200 cas
1361 182 1395 207 qe
1422 173 1528 206 parlent

969 207 1002 234 de
1022 211 1033 234 i
1051 217 1131 238 avant
1150 221 1163 235 e
1181 217 1270 242 mesqe
1289 211 1315 235 la
1329 212 1385 235 dite
1399 211 1465 234 letre
1476 211 1528 234 soit

968 242 1051 276 longe
1063 251 1165 273 serrent
1174 247 1303 270 entenduz
1315 247 1363 271 des
1375 243 1525 279 p[ar]oules

970 275 1050 311 [dont
1069 281 1165 318 l’une?]
1192 280 1299 306 sillable
1324 282 1438 307 termine
1465 282 1497 305 cn
1517 282 1529 305 i

967 319 996 339 et
1012 317 1108 345 l'antre
1129 326 1254 344 comence
1271 325 1320 350 par
1335 327 1351 342 e
1371 319 1448 342 corne
1471 318 1513 341 bie
1513 326 1527 341 a

969 352 1030 376 ciez.
1069 355 1114 380 Sic
1137 358 1217 379 totum
1239 360 1327 378 verum
1350 351 1410 386 cum
1429 351 1526 386 [omni¬

969 386 1052 422 bus?]
1074 388 1202 424 cassibus]
1222 389 1301 421 plana
1321 389 1423 420 regula.

1010 448 1062 490 (H
1078 454 1110 491 5)
1138 449 1299 482 Pretoria
1320 449 1432 480 diccio
1455 454 1524 480 ter¬

967 490 1102 526 minata
1129 493 1164 526 in
1192 501 1208 524 e
1236 490 1341 532 plene
1374 500 1525 533 pronun-

969 533 1062 565 ciata
1085 536 1114 567 si
1140 536 1183 566 sit
1203 533 1359 564 feminini
1382 535 1525 574 generis

969 576 1078 606 debet
1115 576 1221 608 scribi
1248 585 1328 605 cum
1356 585 1390 604 ce
1415 575 1525 615 dupli¬

968 620 1050 648 cata
1095 619 1130 651 in
1162 617 1231 652 fine
1268 616 1369 659 verbi
1403 616 1525 659 gracia

965 658 1101 692 Femme
1132 669 1223 693 amee
1231 659 1237 696 ,
1270 659 1375 689 douée
1407 661 1442 689 et
1466 669 1525 689 en-

966 699 1129 742 seigne\e\
1146 705 1180 734 et
1199 698 1347 733 similia.

1008 766 1057 807 (H
1072 769 1106 809 6)
1153 770 1217 802 Set
1248 769 1389 807 quando
1422 770 1524 800 semi¬

966 809 1071 848 plene
1093 809 1348 851 pronunciatur
1370 820 1440 842 non
1461 821 1525 856 ge¬

965 850 1117 882 minetur
1128 861 1145 882 c
1155 851 1256 892 verbi
1262 852 1385 892 gracia
1390 852 1524 883 Meinte

953 892 1054 932 ferne
1076 896 1127 924 est
1147 895 1238 925 bone.

1625 245 1683 281 (CO
1694 249 1719 280 3)
1750 249 1874 280 Quamvis
1905 258 1920 273 e
1948 249 1975 274 in
2004 250 2139 283 principio

1580 283 1691 316 alicujus
1711 283 1807 308 sillabe
1821 288 1897 309 acute
1908 286 2099 317 pronuncietur
2113 285 2141 311 in

1580 320 1633 345 fine
1654 320 1791 345 anterioris
1811 320 1907 345 sillabe
1925 322 1938 345 i
1960 322 2030 346 bene
2048 326 2142 354 potest

1580 356 1696 388 preponi
1713 357 1742 379 ut
1763 357 1825 384 biez,
1843 357 1932 389 priez,
1952 358 2009 387 liez,
2030 358 2121 391 afßez.

1622 451 1689 488 (€0
1707 462 1727 489 4
1730 455 1740 492 )
1786 456 2062 493 Quandocumque
2083 458 2140 487 ad¬

1576 495 1725 534 jectivum
1745 495 1883 528 feminini
1896 499 2018 536 generis
2036 500 2139 529 termi¬

1579 544 1633 566 nat
1655 540 1687 566 in
1711 547 1724 567 e
1746 540 1837 576 pleno
1858 542 2064 576 pronunciata
2084 551 2139 579 ge¬

1578 581 1711 609 minabit
1729 592 1743 609 e
1762 585 1797 609 ut
1812 585 1870 610 ires
1883 582 2013 611 honuree
2029 584 2121 614 dame.

1620 770 1689 811 (CU
1707 773 1739 811 6)
1775 775 1924 810 Quamvis
1948 776 2137 813 adjectivum

1577 816 1738 845 masculini
1756 818 1879 854 generis
1905 826 1968 846 non
1991 819 2137 848 terminet

1577 858 1609 885 in
1630 868 1643 885 e
1658 863 1695 887 ut
1715 867 1756 885 un
1777 859 1894 893 homme,
1918 861 2013 895 meynt
2031 861 2137 888 homme

1577 901 1765 937 adjectivum
1777 905 1883 929 tamen
1897 902 2034 930 feminini
2040 912 2136 938 gene¬

1576 942 1615 971 ris
1630 941 1809 972 terminabit
1830 942 1862 972 in
1887 942 2016 980 simplici
2030 940 2071 982 [<?]
2086 952 2136 974 se¬

1576 985 1711 1022 miplene
1736 985 1944 1023 pronunciata
1970 990 2006 1014 ut
2027 988 2136 1022 meynie

1566 1025 1684 1065 femme,
1710 1027 1766 1064 une
1779 1027 1897 1064 femme.
