1749 2481
1320 63 1375 88 VII

378 148 474 186 Regel
491 149 529 186 37
552 149 594 177 im
616 148 771 186 Harleyan
795 148 877 177 Text
903 149 1028 179 unserer
1050 149 1275 188 Orthographia
1302 149 1375 179 Gal¬

376 192 432 220 lica
455 191 524 229 (IV)
548 194 672 229 gemäss
695 192 751 220 auf
769 195 796 220 -t
816 189 922 229 endigt
945 189 986 229 (tu
1009 195 1108 229 aymet,
1132 195 1161 220 tu
1185 192 1305 229 aymoiel
1305 197 1311 229 ,
1343 197 1374 222 lu

375 238 508 272 aymeret,
542 238 574 263 tu
603 236 765 272 aymeroiei,
801 238 832 263 tu
854 238 971 268 amacet,
1004 238 1035 263 tu
1059 235 1158 270 aveiet,
1192 237 1252 270 eiet,
1275 240 1373 270 eusset,

375 281 474 307 averet
501 287 571 312 ame,
600 281 629 306 lu
659 278 760 313 esloiet,
787 281 869 311 seret,
897 279 976 312 soûl,
994 278 1114 317 fuyssei
1134 288 1213 312 ame;
1235 282 1264 307 tu
1287 280 1377 308 voilet

375 317 447 356 (vis)
469 321 608 356 voilloiet,
632 324 739 354 vorret,
761 321 868 350 vosicet
891 331 926 349 ou
948 322 1096 356 vorroiet;
1118 324 1148 349 tu
1161 320 1250 359 facet
1270 320 1373 361 (facis)

365 363 481 404 fesoiet,
499 363 570 403 fret
590 363 672 400 etc.)-
716 364 753 393 In
786 365 841 392 der
870 364 1085 402 Konjugazion
1116 373 1174 393 von
1202 374 1301 402 aymer
1320 365 1374 394 hat

373 407 438 436 sich
462 407 518 443 das
531 417 558 443 y
581 408 636 436 der
659 408 922 436 stammbetonten
943 407 1086 442 Formen,
1119 408 1196 436 auch
1224 407 1321 436 schon
1342 409 1374 437 in

374 451 437 478 den
458 450 741 479 flexionsbetonten
765 467 802 470 —
829 451 885 479 das
908 450 1047 488 Partizip.
1060 451 1144 480 Pass,
1168 455 1247 479 etwa
1263 460 1374 489 ausge¬

372 502 520 521 nommen
543 510 582 513 —
599 493 658 522 fast
683 494 846 530 durchweg
865 493 1052 531 festgesetzt.
1085 493 1171 523 Nach
1192 495 1248 522 der
1268 499 1373 523 ersten

377 535 594 572 Konjugazion
615 536 730 565 richten
753 536 817 565 sich
837 536 896 565 fast
916 546 992 575 ganz
1010 537 1060 566 die
1073 546 1089 574 3
1109 537 1237 575 übrigen
1250 537 1292 566 im
1306 537 1372 567 Ind.

378 577 422 607 Pf.
445 578 510 606 und
535 578 605 616 Opt.
629 579 705 607 oder
724 579 814 617 Konj.
836 579 902 617 Ipf.,
926 580 1031 608 indem
1058 580 1100 609 sie
1114 580 1153 608 da
1165 581 1228 608 den
1240 580 1374 609 Thema¬

380 621 468 650 vokal
493 631 511 649 a
534 621 707 656 einführen:
734 622 794 660 {jeo
823 623 914 659 volay,
942 625 972 650 tu
1000 623 1160 657 voillasiez,
1189 624 1231 652 eil
1254 624 1376 652 voil/asi

378 674 452 694 flous
472 665 618 699 volasmes,
643 674 711 693 vous
733 665 868 694 voilaslez
892 675 927 702 —
947 675 1001 702 que
1008 666 1060 705 jeo
1072 666 1183 705 fesa.ee,
1207 669 1238 694 tu
1250 665 1373 706 fesacet,

377 707 417 747 cil
425 707 531 747 fesast,
560 708 633 747 nous
649 708 811 747 fesaceons,
841 707 912 740 vous
935 707 1055 744 fesacez,
1080 718 1155 737 ceux
1166 709 1320 748 fesacent;
1340 713 1372 738 tu

378 754 502 784 avastez,
525 761 597 780 nous
620 761 746 781 avasmes
768 761 839 780 vous
863 755 987 786 avastez,
1012 762 1067 789 que
1079 752 1130 791 jeo
1147 761 1242 787 avace,
1266 756 1373 792 avacel,

373 797 464 827 avast,
489 803 635 829 avaceons,
657 798 781 829 avacetz,
806 799 926 823 avacent
926 791 939 834 )
952 817 979 824 ..

474 834 506 876 2)
529 837 564 866 In
597 837 758 866 derselben
782 837 884 866 Weise
917 838 956 867 ist
988 838 1029 866 im
1055 837 1112 867 Ms.
1135 838 1242 868 Addit.
1269 838 1370 875 17716

371 880 390 909 f.
420 887 477 909 ioo
479 882 494 896 v
509 881 573 909 und
596 881 624 911 ff.
648 881 705 909 das
730 881 820 910 Aktiv
842 890 902 910 von
928 890 1000 915 amo,
1023 890 1095 914 sum,
1119 881 1186 910 volo
1200 881 1263 910 und
1279 881 1370 910 habeo

372 923 558 961 dargestellt.

470 964 502 1003 3)
524 966 560 995 In
583 971 677 996 etwas
700 966 840 996 kürzerer
861 966 954 995 Form
987 966 1082 996 findet
1112 967 1176 996 sich
1200 969 1255 997 das
1278 966 1370 996 Aktiv

370 1009 433 1038 und
455 1009 559 1038 Passiv
592 1019 652 1038 von
675 1019 749 1043 amo,
783 1010 840 1037 das
863 1009 954 1038 Aktiv
981 1010 1042 1038 von
1064 1009 1151 1038 habeo
1173 1009 1238 1049 und
1250 1009 1370 1049 frango

370 1052 412 1080 im
445 1051 645 1090 Cambridger
676 1052 736 1082 Ms.
758 1052 816 1080 Ee.
837 1060 867 1087 4.
891 1059 929 1080 20
954 1060 1009 1080 aus
1035 1053 1107 1080 dem
1133 1052 1223 1081 Ende
1247 1054 1301 1082 des
1324 1062 1369 1090 14.

369 1094 427 1132 Jh„
450 1103 474 1123 s.
498 1104 525 1123 u.
546 1096 574 1131 p.
598 1093 846 1127 XXV—XXVI,
871 1093 890 1124 f.
919 1093 1086 1133 136-137.

363 1230 469 1261 '—137
475 1225 488 1239 v
517 1224 567 1253 die
592 1224 808 1263 Konjugazion
840 1224 900 1253 von
925 1224 1021 1259 habeo,
1048 1234 1121 1258 sum,
1140 1229 1254 1262 possum
1256 1234 1263 1264 ,
1293 1234 1368 1261 scyo,

366 1266 443 1300 volo,
479 1266 569 1301 debeo,
594 1267 693 1306 facio,
723 1268 799 1305 lego,
834 1268 933 1301 audio,
956 1268 1041 1301 vado,
1065 1267 1157 1301 video,
1184 1267 1256 1301 bibo,
1279 1271 1368 1303 teneo,

368 1310 462 1343 venio,
483 1309 597 1349 fateor,
621 1309 751 1345 exhibeo,
774 1310 879 1344 occido,
903 1311 1000 1343 vendo,
1017 1310 1114 1348 fingo,
1137 1311 1227 1348 capio,
1246 1310 1368 1350 frango

368 1353 399 1380 in
421 1352 577 1383 ähnlicher
598 1353 701 1382 Weise
724 1354 779 1381 wie
803 1353 834 1381 in
855 1352 998 1382 Rarton's
1025 1353 1141 1382 Donait
1165 1354 1229 1389 (ed.
1245 1354 1368 1392 Stengel

369 1404 399 1432 p.
423 1394 575 1434 34—40),
611 1396 659 1426 fol.
688 1396 865 1433 138^—i39
868 1398 883 1412 v
910 1397 960 1425 die
982 1397 1197 1435 Konjugazion
1219 1406 1278 1426 von
1302 1398 1368 1427 volo

366 1438 431 1475 und
446 1442 567 1475 possum
590 1440 654 1468 und
679 1439 729 1469 fol.
758 1447 815 1476 135
840 1440 891 1468 die
917 1449 977 1468 von
1004 1450 1065 1468 sum
1095 1440 1157 1469 und
1184 1440 1272 1469 habeo
1297 1449 1368 1469 aus¬

368 1480 526 1510 führlichst
550 1482 766 1520 abgehandelt.

474 1135 507 1173 4)
529 1136 628 1166 Unter
649 1137 721 1165 dem
744 1135 838 1166 Titel:
866 1135 906 1174 Cy
929 1147 1048 1166 comence
1072 1139 1098 1167 le
1120 1138 1239 1167 Donait
1258 1139 1371 1168 soloum

372 1178 459 1219 douce
470 1178 612 1219 franceis
634 1180 667 1208 de
691 1180 780 1209 Paris
806 1180 844 1209 ist
869 1181 910 1209 im
933 1181 1044 1210 Sloane
1073 1181 1130 1211 Ms.
1156 1190 1215 1219 513
1246 1182 1263 1211 f.
1294 1182 1368 1219 136"

369 1568 441 1596 dem
464 1567 542 1601 Titel
567 1568 661 1601 Diber
684 1568 806 1597 Donati
825 1574 913 1597 unter
933 1570 1079 1598 anderem
1106 1569 1183 1598 auch
1207 1569 1257 1598 die
1280 1568 1367 1598 Kon¬

364 1610 509 1648 jugazion
532 1612 585 1641 der
606 1611 731 1641 Verben
753 1611 853 1646 habeo,
876 1622 948 1646 sum,
972 1621 1043 1645 amo,
1068 1613 1156 1646 doceo,
1181 1613 1252 1650 lego,
1268 1613 1367 1647 audio,

357 1651 456 1690 facio,
479 1655 563 1690 vado,
588 1654 660 1692 volo,
686 1654 761 1690 bibo,
783 1655 876 1690 video,
900 1655 994 1689 venio,
1012 1660 1135 1692 possum,
1159 1656 1274 1692 loquor,
1298 1655 1365 1690 dico,

367 1696 457 1733 capio,
489 1697 575 1732 disco,
603 1699 752 1735 promitto,
782 1698 870 1733 sedeo,
895 1698 1028 1737 frango,
1055 1701 1139 1732 teneo,
1162 1698 1261 1736 cogito,
1286 1698 1367 1733 dono,

365 1740 449 1768 credo
471 1737 534 1776 (fol.
564 1749 574 1769 I
584 1744 596 1757 e
597 1749 656 1777 —5
660 1738 675 1757 d
678 1741 689 1779 )
714 1741 896 1778 dargestellt
913 1745 1021 1770 sammt
1052 1742 1136 1770 einer
1157 1741 1366 1779 alphabetisch

364 1782 603 1820 angeordneten
626 1783 710 1813 Liste
732 1793 795 1813 von
818 1790 854 1819 52
879 1784 1105 1814 französischen
1118 1784 1242 1814 Verben
1254 1783 1366 1822 (amer-

363 1822 491 1865 brisier).
538 1825 650 1856 Beides
685 1827 782 1856 findet
813 1826 874 1855 sich
912 1827 990 1856 auch
1022 1828 1063 1856 im
1095 1828 1151 1859 Ms.
1178 1828 1238 1865 Gg.
1269 1826 1296 1857 6.
1324 1836 1366 1865 44

363 1868 381 1899 f.
411 1877 446 1907 19
450 1872 462 1886 e
466 1868 547 1898 —28
551 1866 564 1886 b
568 1892 574 1900 .

469 1523 501 1562 5)
526 1525 640 1555 Ferner
661 1526 701 1554 ist
723 1526 764 1554 im
788 1524 986 1563 Cambridger
1008 1526 1066 1555 Ms.
1083 1526 1143 1555 Dd.
1164 1534 1260 1563 12.23
1279 1530 1369 1556 unter
