2481 1749
918 101 952 116 ou
980 103 1098 124 servant
1122 106 1154 121 en
1180 103 1283 127 qancqe
1306 96 1340 127 je
1342 104 1355 119 o
1379 96 1478 128 puisse

912 128 996 161 faire
1016 133 1053 165 ou
1068 133 1116 166 jeo
1134 140 1186 163 suy
1206 132 1233 154 la
1254 139 1303 154 sue
1316 132 1422 156 ancelle
1434 131 1476 156 vel

917 163 956 189 sic
988 167 1014 190 le
1039 174 1131 195 vostre
1161 175 1193 191 en
1223 169 1267 190 tut
1291 168 1329 191 tel
1348 170 1406 196 etc.,
1427 175 1477 199 pur

915 200 1006 231 parler
1024 203 1051 237 le
1070 204 1141 238 pluis
1154 201 1352 232 curteiscment,
1361 207 1389 227 et
1401 211 1477 227 nom¬

916 242 1035 262 mément
1068 243 1132 273 qant
1161 239 1186 262 le
1215 245 1288 261 noun
1316 236 1407 272 n’es[t]
1427 247 1475 271 pas

916 278 997 296 nome
1018 276 1092 309 corne
1106 276 1155 309 jeo
1172 280 1225 306 suy
1225 277 1235 288 s
1245 275 1270 297 le
1290 277 1382 298 vostre
1402 278 1451 299 etc.

963 328 1001 357 (II
1017 332 1059 363 16)
1088 335 1155 357 Item
1191 333 1255 361 qant
1283 338 1348 354 vous
1378 332 1474 355 voilles

915 363 985 397 prier
1009 368 1094 402 nully,
1120 375 1182 393 vous
1208 369 1312 398 purretz
1333 366 1389 393 dire
1406 375 1475 392 vous

912 399 998 433 pri(e)
1019 404 1083 437 sanz
1098 404 1147 437 jeo
1165 409 1246 434 myse.

961 456 998 488 (II
1012 460 1056 492 17)
1077 461 1148 493 Qant
1173 458 1246 482 nulle
1269 461 1344 482 autre
1367 459 1473 493 supplie

916 493 981 517 dont
1000 503 1066 520 vous
1089 497 1235 522 escriverez
1255 496 1294 518 cil
1311 497 1346 519 ou
1367 496 1391 519 il
1406 504 1474 520 vous

910 530 976 560 prie
995 533 1023 553 ct
1039 532 1122 557 altres
1141 531 1231 555 disont
1254 531 1293 553 cil
1310 532 1347 554 ou
1367 532 1390 554 il
1406 539 1474 555 vous

910 566 987 596 plest
1005 569 1031 589 et
1050 568 1156 592 faillont
1175 569 1220 597 qar
1235 569 1299 597 pry,
1318 568 1392 597 plest
1413 565 1480 591 sons

915 600 963 624 des
985 600 1105 629 diverses
1125 601 1330 634 signiíicacions.

961 655 998 689 (II
1014 657 1058 690 18)
1090 659 1127 683 Et
1153 658 1248 683 sachez
1276 657 1339 690 qant
1361 657 1410 689 jeo
1435 662 1475 683 est

914 700 973 724 mys
993 692 1093 718 devant
1112 695 1138 719 le
1157 693 1275 725 verbe(s)
1294 697 1324 717 ut
1342 693 1397 726 hic:
1425 694 1475 726 jeo

914 735 982 752 vous
991 731 1057 760 pry,
1070 728 1120 761 jeo
1133 730 1228 763 ni'affy
1229 748 1236 761 ,
1256 727 1293 762 (II
1313 729 1355 761 19)
1367 732 1475 754 oustant

913 763 939 794 le
954 763 1003 794 jeo
1023 765 1172 790 escriverez
1198 767 1210 789 i
1227 773 1260 789 en
1280 765 1335 789 lieu
1355 766 1389 798 de
1407 774 1428 798 y
1448 769 1474 790 et

912 799 1022 830 joignez
1051 808 1065 823 e
1092 810 1107 825 a
1135 802 1182 833 luy
1211 808 1286 825 corne
1311 809 1379 825 vous
1399 803 1473 833 prie,

914 833 1029 866 m'affie.
1076 835 1112 859 Et
1149 844 1197 860 ceo
1226 838 1267 859 est
1295 844 1311 859 a
1344 837 1474 860 entendre

916 877 949 894 en
972 870 1069 894 vèrbes
1096 872 1199 903 quelles
1225 875 1375 903 termynent
1394 880 1426 904 en
1442 881 1472 904 y,

914 913 971 929 mes
991 913 1022 929 en
1043 907 1139 931 verbes
1162 915 1195 939 qe
1215 907 1357 931 terminent
1370 915 1402 932 en
1414 916 1474 932 con¬

915 940 1009 964 sonant
1028 940 1055 964 la
1077 942 1111 973 ou
1125 942 1174 973 jeo
1195 945 1234 965 est
1254 950 1310 974 mys
1326 943 1429 972 devant,
1441 951 1474 967 ne

916 975 970 1000 frez
992 985 1005 1000 e
1025 975 1049 1000 al
1069 976 1123 1009 syn,
1145 977 1220 1009 verbi
1236 978 1325 1009 gracia
1349 978 1412 1003 bien
1433 981 1474 1004 est

915 1012 955 1035 dit
965 1012 971 1043 :
986 1012 1035 1043 jeo
1056 1019 1123 1036 vous
1143 1021 1223 1036 mano
1242 1017 1269 1037 et
1288 1014 1394 1038 similia.

962 1059 1001 1091 (H
1011 1059 1056 1092 20)
1075 1061 1144 1085 Item
1164 1061 1215 1085 ista
1236 1062 1394 1093 pronomina
1414 1064 1471 1092 iste,

1574 329 1630 363 (CO
1643 332 1687 362 63I
1708 331 1776 364 Item
1798 334 1907 364 quando
1931 333 2022 364 petitis
2042 332 2089 357 ali¬

1527 366 1593 398 quid
1612 367 1646 392 ab
1667 367 1758 399 aliquo
1780 369 1893 400 potestis
1914 368 2003 393 dicere
2021 377 2088 393 vous

1522 404 1575 433 pri
1593 402 1654 435 sanz
1669 402 1727 435 jeo.

1571 459 1628 492 (CO
1641 460 1686 493 64)
1709 461 1778 485 Item
1799 460 1822 485 si
1841 460 1938 493 aliquis
1959 460 2026 484 alius
2046 467 2087 485 ro¬

1526 500 1571 527 gat
1603 497 1718 529 aliquem
1751 500 1813 521 tunc
1845 497 1941 521 dicetis
1965 498 2003 521 cil
2020 504 2087 521 vous

1520 533 1595 564 prie.

1573 658 1631 692 (CO
1641 658 1686 692 65)
1697 661 1764 685 Item
1777 660 1883 693 quando
1895 668 1950 684 non
1960 667 2085 693 expresse

1527 696 1637 728 ponitur
1675 696 1779 726 signum
1817 700 1877 720 ante
1906 697 2019 720 verbum
2043 700 2084 721 ut:

1526 740 1593 756 vous
1609 735 1674 764 pry,
1694 735 1754 764 tunc
1770 736 1828 765 pry
1846 731 1887 756 vel
1898 731 1993 765 m'affy
2003 732 2085 757 debet

1527 767 1667 791 terminare
1698 768 1726 800 in
1751 776 1781 800 y.
1819 766 1876 801 (CO
1889 766 1935 800 66)
1962 769 2031 792 Item
2062 769 2084 793 si

1527 799 1644 833 signum*
1653 811 1775 835 expresse
1789 804 1904 835 ponitur,
1924 808 1986 835 tunc
1996 812 2017 835 y
2030 812 2084 829 mu¬

1527 838 1626 862 tabitur
1650 838 1675 862 !»
1700 840 1712 862 i
1737 842 1763 862 et
1782 839 1895 862 addetur
1917 846 1930 862 e
1949 846 2022 862 come
2031 838 2036 870 :
2052 838 2086 871 je

1525 873 1641 907 m'affie,
1656 873 1706 905 jeo
1724 882 1792 899 vous
1810 876 1884 906 prie.
1921 874 1957 898 Et
1977 874 2027 899 hec
2046 883 2085 900 re¬

1526 909 1586 940 gula
1606 909 1771 940 intelligitur,
1789 910 1836 934 ubi
1856 910 1943 934 diccio
1962 910 2085 935 termina¬

1526 948 1568 968 tur
1587 945 1612 977 in
1629 953 1659 977 y,
1685 944 1734 969 sed
1757 945 1779 969 si
1803 946 1958 969 terminatur
1977 946 2005 969 in
2024 954 2086 971 con¬

1527 983 1636 1005 sonante
1656 989 1710 1006 non
1722 983 1794 1006 tenet
1806 981 1898 1012 regula
1912 981 1952 1014 ut:
1968 981 2003 1014 je
2018 990 2085 1007 vous

1525 1024 1614 1040 mane.

1573 1062 1633 1095 (CO
1642 1064 1688 1096 68)
1710 1065 1778 1089 Item
1796 1065 1847 1088 ista
1861 1066 2017 1097 pronomina
2037 1067 2086 1090 ille

2130 1063 2180 1100 23
