2481 1749
1143 59 1196 82 No.
1216 59 1253 83 X.

932 138 999 155 vous
1021 131 1038 165 a
1035 131 1140 165 forcez,
1164 139 1233 155 nous
1258 139 1326 156 vous
1345 132 1490 162 mandons,

932 168 956 192 il
970 175 1038 192 vous
1053 169 1118 200 prie
1119 176 1125 196 ,
1145 168 1183 192 cil
1199 176 1266 192 vous
1285 175 1406 193 manace.

977 222 1015 254 (H
1029 229 1059 256 I5
1063 229 1076 242 a
1076 223 1086 256 )
1105 225 1141 249 Et
1158 224 1238 249 issint
1257 229 1361 250 serront
1379 224 1401 249 si
1422 225 1488 250 bien

930 259 971 283 les
990 259 1070 283 datifs
1090 262 1117 285 et
1136 260 1262 285 acusalifs
1293 260 1325 285 de
1356 267 1408 291 ego
1426 262 1482 286 mei
1482 279 1488 290 ,

930 302 1045 327 persone
1068 296 1187 320 secunde
1212 299 1239 320 et
1264 296 1346 320 tercie
1364 303 1422 327 rays
1443 296 1489 320 de¬

929 334 991 355 vant
1011 329 1052 355 les
1072 331 1168 356 verbes
1183 340 1258 357 corne
1269 331 1310 357 les
1324 330 1486 357 nominatifs.

974 377 1013 410 (II
1025 378 1072 412 67)
1092 380 1159 403 Item
1179 380 1243 412 qant
1257 380 1306 412 jeo
1325 382 1352 403 et
1376 378 1487 403 l’acusa-

929 413 964 437 tif
980 413 1079 447 case(s)
1099 422 1111 438 s
1114 423 1148 439 un
1150 418 1161 439 t
1179 423 1236 447 rays
1256 416 1353 439 devant
1371 414 1396 437 le
1406 414 1486 438 verbe

930 453 956 474 et
976 449 1037 482 puis
1057 451 1134 484 apres
1154 451 1179 475 le
1199 451 1281 476 verbe
1302 450 1326 473 le
1338 448 1416 482 datyf
1424 457 1486 475 case

973 533 1009 564 (H
1021 533 1083 566 67»)
1112 543 1145 558 ou
1164 543 1198 567 qe
1218 535 1245 559 le
1265 533 1342 565 datyf
1356 541 1484 558 comence

929 569 954 592 la
974 576 1081 601 resoun,
1102 570 1172 594 celle
1193 570 1269 602 datyf
1277 576 1337 594 case
1347 575 1425 592 avéra
1435 576 1485 594 son

928 604 1005 635 signe
1023 606 1100 637 verbi
1119 606 1207 638 gracia
1220 606 1268 638 jeo
1287 612 1328 629 vie
1345 612 1362 628 r
1363 609 1488 631 écornant

927 648 943 663 a
963 648 1032 665 vous
1052 645 1102 667 etc.
1121 643 1177 666 Pur
1194 642 1219 665 le
1239 640 1350 673 primer:
1372 640 1397 663 A
1415 649 1485 667 vous

926 676 985 699 sire
1013 680 1041 702 et
1065 686 1082 702 a
1111 686 1155 702 ma
1185 681 1196 702 t
1197 685 1213 701 r
1214 685 1241 701 es
1263 676 1386 700 honuree
1406 677 1487 703 dame

925 714 1019 736 vostre
1028 715 1191 746 compaigne
1198 712 1247 745 jeo
1256 719 1298 735 me
1308 717 1478 739 recommant
1478 732 1485 745 ,

972 900 1009 934 (H
1024 902 1069 935 68)
1089 905 1116 928 et
1135 903 1163 928 la
1175 898 1254 935 [qe?]
1269 909 1339 928 vous
1354 910 1395 930 est
1409 912 1486 938 apres

926 936 951 960 le
972 939 1065 969 verbe,
1090 938 1118 964 la
1137 939 1258 970 donques
1288 939 1385 966 devers
1408 948 1486 967 vous.

925 980 974 1003 pur
994 974 1022 999 la
1041 977 1168 999 secunde.

973 1020 1012 1055 (II
1021 1022 1065 1055 69)
1084 1023 1120 1048 Et
1138 1022 1233 1049 sachez
1254 1022 1316 1055 q’en
1330 1024 1367 1049 tel
1381 1032 1485 1050 manere

927 1058 1077 1083 escrivcrez
1103 1060 1131 1083 la
1154 1058 1188 1083 ou
1213 1058 1238 1081 le
1260 1065 1312 1090 pur
1336 1063 1428 1085 vostre
1450 1068 1485 1085 ou

928 1099 978 1117 sue
996 1093 1070 1127 corne
1084 1093 1134 1127 jeo
1153 1101 1206 1127 suy
1223 1093 1250 1117 le
1272 1099 1365 1121 vostre
1382 1098 1487 1122 escoler

1544 134 1584 156 les
1615 134 1692 157 biens
1722 134 1829 166 quelles
1858 140 1925 157 vous
1957 133 2090 157 m'envoia
2092 144 2102 150 -

1542 177 1556 193 s
1559 173 1606 194 tes.

1587 379 1644 413 (€0
1657 381 1702 414 56)
1731 381 1798 405 Item
1818 380 1842 413 si
1862 381 1912 413 jeo
1941 389 2002 414 moy
2030 389 2099 406 nous

1539 423 1609 441 vous
1636 418 1686 449 luy
1711 418 1751 440 les
1783 417 1834 440 etc.
1867 416 2019 441 scribantur
2037 421 2100 449 post

1539 452 1631 482 verba,
1665 452 1770 484 signum
1806 450 1887 476 debet
1913 452 2026 485 preferri
2056 456 2083 477 ut
2093 463 2097 478 :

1534 488 1583 519 jeo
1602 497 1644 512 me
1662 491 1831 512 recommant
1846 496 1864 511 a
1882 495 1959 513 vous.

1584 535 1643 570 (00
1656 537 1702 570 57)
1727 538 1795 561 Item
1826 536 1932 567 quando
1962 546 2031 562 vous
2053 539 2099 563 vel

1539 573 1589 605 luy
1608 576 1658 606 etc.
1681 572 1802 606 predicta
1825 578 1872 596 seu
1895 572 2006 604 aliquod
2035 572 2098 598 illo¬

1539 617 1597 633 rum
1617 609 1725 643 ponitur
1745 612 1805 634 ante
1817 607 1941 636 verbum,
1962 611 1989 633 et
2001 616 2098 634 nomen

1537 644 1611 669 illius
1636 645 1679 669 cui
1707 644 1824 677 loquitur
1845 642 1998 668 immediate
2024 650 2097 678 post¬

1537 680 1661 712 ponitur,
1687 679 1801 714 [signum
1830 678 1999 712 preponitur]
2028 689 2097 706 vous

1538 717 1582 742 ut;
1608 717 1632 741 A
1649 724 1717 742 vous
1736 717 1878 747 seignoury
1900 715 1959 747 sire
1977 715 2089 747 justice
2091 735 2097 747 ,

1538 753 1556 776 a
1575 753 1615 776 les
1633 752 1757 783 justices
1759 758 1771 781 i
1789 759 1806 775 a
1831 751 1860 774 la
1888 753 2098 777 tresexcellente

1539 788 1618 812 dame
1636 790 1686 813 etc.

1583 834 1640 868 (CO
1651 836 1697 869 75)
1725 837 1792 861 Item
1826 842 1875 867 pro
1902 834 1997 860 maiori
2022 841 2097 869 parte

1537 872 1704 896 accusativus
1723 879 1781 896 cum
1802 870 1880 901 signo
1905 871 2014 902 ponitur
2035 873 2096 897 loco

1539 907 1624 932 dativi
1647 912 1755 941 propter
1778 906 1959 932 reverendam
1982 911 2012 933 ut
2031 916 2098 933 vous

1538 944 1693 977 manderay
1712 952 1756 969 ma
1776 943 1856 967 lettre
1858 941 1864 975 ,
1885 941 1920 975 je
1943 944 2043 969 mande
2047 952 2063 969 r
2063 953 2099 977 ay

1537 987 1583 1002 ma
1603 981 1686 1003 lettre
1705 981 1801 1003 devers
1819 985 1897 1009 voug.
