2481 1749
1130 86 1174 110 No
1205 87 1350 111 X-XIII.

976 162 1034 192 ipse
1061 169 1094 184 en
1118 162 1204 193 Latyn
1230 165 1336 186 serront
1367 163 1467 195 escript
1500 171 1533 186 cn

976 198 1131 229 Fraunceys
1153 199 1193 221 eil
1210 205 1258 229 par
1277 206 1298 222 c.

1021 323 1059 353 (H
1074 324 1118 356 21)
1139 325 1200 349 Mes
1219 333 1297 358 suus,
1326 335 1361 354 -a,
1395 334 1439 348 um
1460 333 1533 350 serra

975 359 1075 391 escript
1093 368 1143 383 son
1163 363 1189 385 et
1209 369 1240 385 sa
1262 369 1310 394 par
1329 369 1350 386 x.

1019 566 1055 596 (li
1070 568 1114 600 23)
1144 569 1180 592 Et
1204 569 1316 594 aillours
1342 575 1406 591 vous
1436 575 1530 599 purres

974 603 1073 627 escrire
1099 606 1137 628 eil
1154 607 1188 629 ou
1214 606 1237 628 il
1255 606 1288 629 de
1307 607 1393 628 vostre
1413 603 1531 629 voluntc.

1021 757 1116 793 (II24)
1145 761 1214 785 Item
1241 758 1391 785 altrefoithe
1417 767 1431 783 c
1453 766 1533 794 prent

974 801 988 817 a
1006 794 1052 826 luy
1071 804 1085 819 x
1106 799 1133 820 et
1151 804 1184 820 ne
1203 804 1274 820 serra
1293 802 1340 825 pas
1361 802 1445 820 sonee
1470 807 1502 830 qc
1520 808 1534 823 c

973 830 1047 864 corne
1069 830 1159 865 [f~\ay
1179 838 1271 856 resceu
1284 837 1355 854 serra
1374 834 1457 866 sonee
1465 834 1533 868 j’ay

971 865 1099 898 re(s)ceu.

1012 921 1041 945 (N
1052 923 1086 948 25)
1102 923 1131 942 Et
1144 920 1276 942 altrefoithe
1293 920 1376 946 simple
1394 932 1406 945 .7
1420 932 1482 945 serra
1496 932 1532 945 so¬

973 951 1016 964 nee
1037 946 1122 967 double
1140 954 1163 967 rs
1181 945 1265 972 escript
1283 950 1348 973 corne
1360 950 1439 973 puisse
1453 950 1533 976 fuisse

970 978 1049 1000 eusse.
1585 165 1644 196 ipse
1675 166 1726 188 iste
1759 165 1804 188 hic
1832 164 1882 190 etc.
1920 165 2021 190 debent
2061 166 2143 190 scribi

1584 207 1645 223 cum
1671 207 1687 223 c
1714 207 1788 224 come
1813 202 1870 224 cele
1889 201 1961 232 ceste
1979 201 2098 232 (homme
2114 202 2143 226 in

1584 235 1722 266 singulari,
1738 239 1763 259 et
1777 238 1859 260 celles
1878 237 1998 261 hommes
2014 241 2040 261 et
2060 242 2144 262 cestes

1574 270 1613 295 •in
1632 270 1749 303 plurali).

1631 324 1689 359 (CO
1701 325 1747 358 69)
1766 327 1834 350 Item
1854 335 1933 360 suus,
1958 337 1994 357 -a,
2023 337 2079 352 -um
2099 329 2144 353 de¬

1585 362 1632 386 bet
1650 362 1731 386 scribi
1747 369 1806 385 cum
1819 369 1833 385 s
1846 366 1876 386 ut
1895 370 1945 387 son
1961 368 1987 388 et
1997 372 2028 388 sa
2040 363 2143 396 (singu¬

1585 397 1637 422 lari
1657 402 1683 423 et
1703 406 1745 422 sez
1763 397 1791 421 in
1810 396 1907 429 plurali
1927 400 1984 425 sine
2002 401 2033 431 c).

1632 452 1747 487 (CO'70)
1765 454 1834 477 Item
1854 453 1935 478 verba
1948 455 2033 480 latina
2047 456 2145 489 scripti

1584 498 1633 522 per
1652 498 1666 514 c
1683 494 1712 515 ut
1731 491 1801 514 citra
1830 496 1885 512 non
1915 492 2090 517 mutabuntur
2117 493 2145 517 in

1585 527 1717 558 scriptura
1736 525 1832 557 gallica
1849 525 1879 549 ut
1898 525 1931 550 de
1948 535 1995 551 cea
2016 530 2046 553 la
2058 537 2143 554 mear.

1630 572 1746 607 (CO71)
1771 574 1838 598 Item
1865 573 1886 598 si
1911 574 1950 598 cil
1966 575 2098 600 scribatur
2119 580 2144 601 et

1584 612 1612 634 si
1628 611 1767 641 precedat,
1792 618 1805 634 c
1830 610 1863 633 de
1884 610 1922 633 cil
1941 610 2023 633 debet
2042 615 2143 642 preter-

1584 645 1653 671 mitti
1674 648 1700 670 et
1719 654 1733 670 s
1753 645 1787 670 de
1805 646 1833 670 si
1850 644 1932 669 debet
1952 644 2063 678 adjungi
2084 655 2143 671 cum

1587 683 1610 706 il
1629 685 1669 706 ut:
1690 683 1718 705 si
1735 684 1774 706 cil
1792 681 1873 705 debet
1893 680 1975 705 scribi
1995 684 2035 705 sil
2048 686 2073 706 et
2088 687 2144 706 tan¬

1584 721 1640 742 tum
1660 717 1791 748 significat
1812 724 1894 741 unum
1919 715 1987 741 sicut
2013 721 2040 742 et
2060 718 2144 743 aliud.

1631 763 1686 797 (CO
1699 764 1743 798 72)
1773 766 1840 790 Item
1869 763 2015 796 aliquando
2042 773 2055 789 c
2074 766 2145 799 capit

1586 802 1620 826 ad
1641 810 1669 825 se
1688 810 1710 830 s,
1730 802 1779 825 sed
1798 800 1835 824 ibi
1854 808 1868 823 X
1889 807 1942 824 non
1962 801 2045 824 debet
2056 803 2146 826 sonari

1586 841 1627 862 ut:
1651 845 1745 862 resceu
1764 837 1844 861 debet
1864 835 1953 861 sonari
1973 845 2063 861 receu.

232 1033 306 1083 XI
403 1035 447 1076 (T
465 1037 515 1076 15)
539 1036 628 1067 Item
652 1036 718 1066 hec
743 1037 854 1077 diccio
878 1044 982 1077 quoer
984 1046 990 1070 ,
1014 1036 1116 1068 cuoir
1136 1040 1254 1078 potest
1277 1038 1385 1069 scribi
1406 1039 1651 1072 indifferenter
1675 1050 1752 1071 cum
1776 1050 1792 1070 e
1815 1039 1872 1070 vel
1895 1050 1922 1072 o.

403 1116 450 1155 (H
467 1117 521 1154 26)
563 1117 605 1147 Et
634 1118 812 1147 altrefoithe
842 1119 1024 1147 escriveretz
1054 1130 1067 1147 c
1096 1121 1144 1156 vel
1171 1130 1188 1156 q
1212 1119 1425 1149 indifferenter
1447 1130 1537 1150 come
1556 1132 1626 1151 euer
1648 1133 1689 1160 ou
1712 1133 1787 1160 qoer.
