1749 2481
533 62 1239 104 Zeit des Kommentars sammt Zus., 14. Jh.
1280 63 1364 102 XLV
371 157 1369 191 erkannten Theiles unseres Traktates mag nachträglich
369 200 1366 234 als weiterer Beweis für die Ursprünglichkeit dieser
373 242 1368 278 sowie der andern Ꝯ nur in T enthaltenen Regeln
373 284 491 321 dienen.
472 329 1365 363 Unsere Untersuchung ergiebt somit, dass die Or¬
367 374 1366 406 thographia Gallica von einem Engländer ziemlich lange
368 417 1370 452 nach der Mitte des 13. und vor der Mitte des 14. Jh.
375 458 1365 492 wahrscheinlich um die Wende der beiden Jahrhun¬
378 502 1370 535 derte verfasst wurde mit der Absicht, die Orthographie
374 544 1371 578 des Anglonormannischen, die mehr und mehr der
378 586 1376 620 volksthümlichen Aussprache nachfolgte und daher in
375 630 1370 663 starkes Schwanken gerieth, nach französischem Vorbild
376 675 1371 707 zu regeln. Also kommt der Verfasser nur indirekt auf
382 717 1371 749 die Aussprache zu reden und zwar auf die anglonor¬
371 761 1371 792 mannische seiner Zeit, indem er hauptsächlich die Punkte
371 803 1371 835 berührt, in welchen die anglonormannische Aussprache
371 847 1370 879 von der französischen Orthographie, nach englischen
375 889 1374 922 Grundsätzen interpretirt, abwich. Daher denn diese
371 932 1371 965 Zusammenhangslosigkeit der einzelnen Paragraphen des
375 976 1368 1008 Traktates. Eine gewisse Anordnung des Stoffes ist frei¬
369 1019 1372 1051 lich nicht zu verkennen. Er zerfällt offenbar in die drei
376 1062 574 1096 Abschnitte :
472 1109 1366 1144 I—VIII wo nur Differenzen anglonormannischer
373 1156 1369 1188 Aussprache und französischer Orthographie besprochen
381 1198 511 1234 werden,
471 1249 1370 1283 IX—XVII wo nur Fälle von schwankender Or¬
374 1294 1237 1327 thographie im Französischen aufgezählt werden,
471 1344 1365 1378 XVIII—XXVI wo nur Fälle der lateinischen Ortho¬
376 1388 1366 1422 graphie berührt und allgemeinere Regeln über Urkunden
375 1433 715 1466 angegeben werden.
475 1484 1369 1517 Es hat Nichts zu sagen, dass diese Dreitheilung
376 1525 1371 1560 erst durch Versetzen der Regel T 10 und T 20 erreicht
380 1568 1368 1604 worden ist, da ich mich bei Umstellung der betreffen¬
378 1610 1369 1648 den Paragraphen durch ganz andere Gründe leiten
379 1654 1371 1691 liess, nämlich durch die Uebereinstimmung der übrigen
373 1698 1243 1734 Handschriften und deren Entstehungsgeschichte.
486 1748 1370 1784 Was die Abfassungszeit des Kommentars und sei¬
376 1791 1367 1828 ner Zusätze betrifft, so ist sie nun einerseits durch die
376 1834 1372 1873 Zeitbestimmung der ursprünglichen Redakzion, anderer¬
380 1879 1371 1914 seits durch das Alter der Handschriften begrenzt, d. h.
1207 1928 1231 1963 4
430 1939 798 1975 Altfranzös. Bibliothek. VIIL
