<?xml version="1.0" encoding="UTF-8" standalone="yes"?>
<PcGts xmlns="http://schema.primaresearch.org/PAGE/gts/pagecontent/2013-07-15" xmlns:xsi="http://www.w3.org/2001/XMLSchema-instance" xsi:schemaLocation="http://schema.primaresearch.org/PAGE/gts/pagecontent/2013-07-15 http://schema.primaresearch.org/PAGE/gts/pagecontent/2013-07-15/pagecontent.xsd">
    <Metadata>
        <Creator>prov=University of Rostock/Institute of Mathematics/CITlab/Gundram Leifert/gundram.leifert@uni-rostock.de:name=Orthographia(htr_id=18629)::::v=2.4.3
prov=University of Rostock/Institute of Mathematics/CITlab/Tobias Gruening/tobias.gruening@uni-rostock.de:name=de.uros.citlab.module.baseline2polygon.B2PSeamMultiOriented:v=2.4.3
prov=University of Rostock/Institute of Mathematics/CITlab/Tobias Gruening/tobias.gruening@uni-rostock.de:name=/net_tf/LA73_249_0mod360.pb:de.uros.citlab.segmentation.CITlab_LA_ML:v=2.4.2
Transkribus</Creator>
        <Created>2019-11-19T14:49:45.210+01:00</Created>
        <LastChange>2019-11-19T16:30:36.210+01:00</LastChange>
        <TranskribusMetadata docId="255239" pageId="11135285" pageNr="2" tsid="19582930" status="GT" userId="40012" imgUrl="https://files.transkribus.eu/Get?id=EVXMIDXLMWWOXEZYMZHKKNMI&amp;fileType=view" xmlUrl="https://files.transkribus.eu/Get?id=GQDIZCKIGWATDEUSWNALGXXP" imageId="7600005"/>
    </Metadata>
    <Page imageFilename="255239_0002_11135285.jpg" imageWidth="1749" imageHeight="2481">
        <ReadingOrder>
            <OrderedGroup id="ro_1633103340260" caption="Regions reading order">
                <RegionRefIndexed index="0" regionRef="r1"/>
            </OrderedGroup>
        </ReadingOrder>
        <TextRegion orientation="0.0" id="r1" custom="readingOrder {index:0;}">
            <Coords points="363,66 363,1912 1381,1912 1381,66"/>
            <TextLine id="r1l1" custom="readingOrder {index:0;}">
                <Coords points="480,98 527,98 574,97 621,97 669,97 716,97 763,98 811,98 858,99 905,99 953,100 1000,100 1047,101 1095,101 1142,101 1189,101 1237,101 1284,101 1331,100 1379,99 1379,68 1331,69 1284,70 1237,70 1189,70 1142,70 1095,70 1047,70 1000,69 953,69 905,68 858,68 811,67 763,67 716,66 669,66 621,66 574,66 527,67 480,67"/>
                <Baseline points="480,88 527,88 574,87 621,87 669,87 716,87 763,88 811,88 858,89 905,89 953,90 1000,90 1047,91 1095,91 1142,91 1189,91 1237,91 1284,91 1331,90 1379,89"/>
                <TextEquiv>
                    <Unicode>Zeit der Abfassung des urspr. Trakt., 13/14. Jh. XLIII</Unicode>
                </TextEquiv>
            </TextLine>
            <TextLine id="r1l2" custom="readingOrder {index:1;}">
                <Coords points="386,188 435,188 484,189 533,190 583,190 632,191 681,191 730,191 780,191 829,192 878,192 927,192 977,192 1026,192 1075,192 1124,191 1174,191 1223,191 1272,191 1321,191 1371,191 1371,161 1321,161 1272,161 1223,161 1174,161 1124,161 1075,162 1026,162 977,162 927,162 878,162 829,162 780,161 730,161 681,161 632,161 583,160 533,160 484,159 435,158 386,158"/>
                <Baseline points="386,178 435,178 484,179 533,180 583,180 632,181 681,181 730,181 780,181 829,182 878,182 927,182 977,182 1026,182 1075,182 1124,181 1174,181 1223,181 1272,181 1321,181 1371,181"/>
                <TextEquiv>
                    <Unicode>Rengni; durch das 14. Jh. hindurch ist aber -ngn- ent¬</Unicode>
                </TextEquiv>
            </TextLine>
            <TextLine id="r1l3" custom="readingOrder {index:2;}">
                <Coords points="384,232 433,232 483,232 533,232 583,233 632,233 682,233 732,233 782,234 831,234 881,234 931,234 981,234 1030,235 1080,235 1130,235 1180,235 1229,235 1279,235 1329,235 1379,235 1379,205 1329,205 1279,205 1229,205 1180,205 1130,205 1080,205 1030,205 981,204 931,204 881,204 831,204 782,204 732,203 682,203 632,203 583,203 533,202 483,202 433,202 384,202"/>
                <Baseline points="384,222 433,222 483,222 533,222 583,223 632,223 682,223 732,223 782,224 831,224 881,224 931,224 981,224 1030,225 1080,225 1130,225 1180,225 1229,225 1279,225 1329,225 1379,225"/>
                <TextEquiv>
                    <Unicode>schieden im Abnehmen begriffen, grosser Popularität</Unicode>
                </TextEquiv>
            </TextLine>
            <TextLine id="r1l4" custom="readingOrder {index:3;}">
                <Coords points="376,275 426,275 476,276 526,276 576,276 626,276 676,277 726,277 776,277 826,277 877,277 927,277 977,277 1027,278 1077,278 1127,278 1177,278 1227,278 1277,278 1327,278 1378,279 1378,248 1327,247 1277,247 1227,247 1177,247 1127,247 1077,247 1027,247 977,246 927,246 877,246 826,246 776,246 726,246 676,246 626,245 576,245 526,245 476,245 426,244 376,244"/>
                <Baseline points="376,265 426,265 476,266 526,266 576,266 626,266 676,267 726,267 776,267 826,267 877,267 927,267 977,267 1027,268 1077,268 1127,268 1177,268 1227,268 1277,268 1327,268 1378,269"/>
                <TextEquiv>
                    <Unicode>hat es sich in England überhaupt nicht erfreut, doch</Unicode>
                </TextEquiv>
            </TextLine>
            <TextLine id="r1l5" custom="readingOrder {index:4;}">
                <Coords points="375,318 425,318 475,319 525,319 576,319 626,320 676,320 727,320 777,320 827,320 878,321 928,321 978,321 1028,321 1079,321 1129,321 1179,321 1230,321 1280,322 1330,322 1381,322 1381,292 1330,292 1280,292 1230,291 1179,291 1129,291 1079,291 1028,291 978,291 928,291 878,291 827,290 777,290 727,290 676,290 626,290 576,289 525,289 475,289 425,288 375,288"/>
                <Baseline points="375,308 425,308 475,309 525,309 576,309 626,310 676,310 727,310 777,310 827,310 878,311 928,311 978,311 1028,311 1079,311 1129,311 1179,311 1230,311 1280,312 1330,312 1381,312"/>
                <TextEquiv>
                    <Unicode>scheint es am häufigsten nach der Mitte des 13. Jh. in</Unicode>
                </TextEquiv>
            </TextLine>
            <TextLine id="r1l6" custom="readingOrder {index:5;}">
                <Coords points="375,360 425,361 475,361 525,362 575,362 625,362 675,363 725,363 775,363 825,363 875,363 925,363 975,363 1025,363 1075,363 1125,363 1175,363 1225,363 1275,364 1325,364 1376,364 1376,334 1325,334 1275,334 1225,333 1175,333 1125,333 1075,333 1025,333 975,333 925,333 875,333 825,333 775,333 725,333 675,333 625,332 575,332 525,332 475,331 425,331 375,330"/>
                <Baseline points="375,350 425,351 475,351 525,352 575,352 625,352 675,353 725,353 775,353 825,353 875,353 925,353 975,353 1025,353 1075,353 1125,353 1175,353 1225,353 1275,354 1325,354 1376,354"/>
                <TextEquiv>
                    <Unicode>Gebrauch gewesen zu sein. Wenn daher unsere Regel</Unicode>
                </TextEquiv>
            </TextLine>
            <TextLine id="r1l7" custom="readingOrder {index:6;}">
                <Coords points="376,404 426,405 476,405 526,406 576,406 626,407 676,407 726,407 776,407 826,408 877,408 927,408 977,408 1027,407 1077,407 1127,407 1177,407 1227,406 1277,406 1327,405 1378,405 1378,375 1327,375 1277,376 1227,376 1177,377 1127,377 1077,377 1027,377 977,378 927,378 877,378 826,378 776,377 726,377 676,377 626,377 576,376 526,376 476,375 426,375 376,374"/>
                <Baseline points="376,394 426,395 476,395 526,396 576,396 626,397 676,397 726,397 776,397 826,398 877,398 927,398 977,398 1027,397 1077,397 1127,397 1177,397 1227,396 1277,396 1327,395 1378,395"/>
                <TextEquiv>
                    <Unicode>gegen Anfang des 14. Jh. abgefasst ist, so würde sie</Unicode>
                </TextEquiv>
            </TextLine>
            <TextLine id="r1l8" custom="readingOrder {index:7;}">
                <Coords points="375,448 424,449 474,449 524,449 574,450 624,450 673,450 723,450 773,450 823,450 873,450 922,450 972,450 1022,450 1072,450 1122,449 1171,449 1221,449 1271,449 1321,449 1371,449 1371,419 1321,419 1271,419 1221,419 1171,419 1122,419 1072,420 1022,420 972,420 922,420 873,420 823,420 773,420 723,420 673,420 624,420 574,420 524,419 474,419 424,419 375,418"/>
                <Baseline points="375,438 424,439 474,439 524,439 574,440 624,440 673,440 723,440 773,440 823,440 873,440 922,440 972,440 1022,440 1072,440 1122,439 1171,439 1221,439 1271,439 1321,439 1371,439"/>
                <TextEquiv>
                    <Unicode>den Anfang, die Schreibweise ngn aufzugeben, bezeich¬</Unicode>
                </TextEquiv>
            </TextLine>
            <TextLine id="r1l9" custom="readingOrder {index:8;}">
                <Coords points="372,491 424,491 477,491 529,492 582,492 634,492 687,493 740,493 792,493 845,494 897,494 950,494 1002,494 1055,494 1108,494 1160,493 1213,493 1265,492 1318,491 1371,490 1371,460 1318,461 1265,462 1213,463 1160,463 1108,464 1055,464 1002,464 950,464 897,464 845,464 792,463 740,463 687,463 634,462 582,462 529,462 477,461 424,461 372,461"/>
                <Baseline points="372,481 424,481 477,481 529,482 582,482 634,482 687,483 740,483 792,483 845,484 897,484 950,484 1002,484 1055,484 1108,484 1160,483 1213,483 1265,482 1318,481 1371,480"/>
                <TextEquiv>
                    <Unicode>nen. Wenn Coyfurelly p. 17, Z. 17—20 am Ende des</Unicode>
                </TextEquiv>
            </TextLine>
            <TextLine id="r1l10" custom="readingOrder {index:9;}">
                <Coords points="379,534 428,535 478,535 528,535 578,536 627,536 677,536 727,536 777,536 826,536 876,536 926,536 976,536 1025,536 1075,536 1125,536 1175,536 1224,536 1274,536 1324,536 1374,536 1374,506 1324,506 1274,506 1224,506 1175,506 1125,506 1075,506 1025,506 976,506 926,506 876,506 826,506 777,506 727,506 677,506 627,506 578,506 528,505 478,505 428,505 379,504"/>
                <Baseline points="379,524 428,525 478,525 528,525 578,526 627,526 677,526 727,526 777,526 826,526 876,526 926,526 976,526 1025,526 1075,526 1125,526 1175,526 1224,526 1274,526 1324,526 1374,526"/>
                <TextEquiv>
                    <Unicode>14. Jh. die Schreibung compaingnon, compaingnie, moingne,</Unicode>
                </TextEquiv>
            </TextLine>
            <TextLine id="r1l11" custom="readingOrder {index:10;}">
                <Coords points="375,576 425,577 475,577 525,578 575,578 625,578 675,578 725,579 775,579 825,579 875,579 925,578 975,578 1025,578 1075,578 1125,578 1175,578 1225,578 1275,578 1325,578 1376,578 1376,548 1325,548 1275,548 1225,548 1175,548 1125,548 1075,548 1025,548 975,548 925,548 875,549 825,549 775,549 725,549 675,548 625,548 575,548 525,548 475,547 425,547 375,546"/>
                <Baseline points="375,566 425,567 475,567 525,568 575,568 625,568 675,568 725,569 775,569 825,569 875,569 925,568 975,568 1025,568 1075,568 1125,568 1175,568 1225,568 1275,568 1325,568 1376,568"/>
                <TextEquiv>
                    <Unicode>maingne, wie sie von dem grösseren Theil Frankreichs</Unicode>
                </TextEquiv>
            </TextLine>
            <TextLine id="r1l12" custom="readingOrder {index:11;}">
                <Coords points="378,618 427,619 477,619 527,619 576,620 626,620 676,621 725,621 775,621 825,621 875,622 924,622 974,622 1024,622 1073,622 1123,622 1173,622 1222,622 1272,622 1322,621 1372,621 1372,591 1322,591 1272,592 1222,592 1173,592 1123,592 1073,592 1024,592 974,592 924,592 875,592 825,591 775,591 725,591 676,591 626,590 576,590 527,589 477,589 427,589 378,588"/>
                <Baseline points="378,608 427,609 477,609 527,609 576,610 626,610 676,611 725,611 775,611 825,611 875,612 924,612 974,612 1024,612 1073,612 1123,612 1173,612 1222,612 1272,612 1322,611 1372,611"/>
                <TextEquiv>
                    <Unicode>gebraucht werde, der von compaignon etc. vorzieht, so</Unicode>
                </TextEquiv>
            </TextLine>
            <TextLine id="r1l13" custom="readingOrder {index:12;}">
                <Coords points="382,661 431,661 481,662 531,663 581,664 631,664 680,665 730,665 780,665 830,666 880,666 929,666 979,666 1029,666 1079,666 1129,666 1178,666 1228,665 1278,665 1328,665 1378,665 1378,635 1328,635 1278,635 1228,635 1178,636 1129,636 1079,636 1029,636 979,636 929,636 880,636 830,636 780,635 730,635 680,635 631,634 581,634 531,633 481,632 431,631 382,631"/>
                <Baseline points="382,651 431,651 481,652 531,653 581,654 631,654 680,655 730,655 780,655 830,656 880,656 929,656 979,656 1029,656 1079,656 1129,656 1178,656 1228,655 1278,655 1328,655 1378,655"/>
                <TextEquiv>
                    <Unicode>beweist das für England, das ngn damals nicht mehr</Unicode>
                </TextEquiv>
            </TextLine>
            <TextLine id="r1l14" custom="readingOrder {index:13;}">
                <Coords points="376,706 401,706 427,706 453,706 479,706 504,705 530,705 556,705 582,705 607,706 633,706 659,707 685,708 685,678 659,677 633,676 607,676 582,675 556,675 530,675 504,675 479,676 453,676 427,676 401,676 376,676"/>
                <Baseline points="376,696 401,696 427,696 453,696 479,696 504,695 530,695 556,695 582,695 607,696 633,696 659,697 685,698"/>
                <TextEquiv>
                    <Unicode>in Gebrauch war.</Unicode>
                </TextEquiv>
            </TextLine>
            <TextLine id="r1l15" custom="readingOrder {index:14;}">
                <Coords points="475,752 520,751 565,750 610,750 655,750 700,750 745,750 790,750 835,750 880,751 925,751 970,751 1015,752 1060,752 1105,752 1150,752 1195,752 1240,752 1285,751 1330,751 1376,750 1376,720 1330,721 1285,721 1240,722 1195,722 1150,722 1105,722 1060,722 1015,722 970,721 925,721 880,721 835,720 790,720 745,720 700,720 655,720 610,720 565,720 520,721 475,722"/>
                <Baseline points="475,742 520,741 565,740 610,740 655,740 700,740 745,740 790,740 835,740 880,741 925,741 970,741 1015,742 1060,742 1105,742 1150,742 1195,742 1240,742 1285,741 1330,741 1376,740"/>
                <TextEquiv>
                    <Unicode>4) Die Regel XVII (T 17. H 92. CO 25) wird</Unicode>
                </TextEquiv>
            </TextLine>
            <TextLine id="r1l16" custom="readingOrder {index:15;}">
                <Coords points="369,792 419,792 469,792 519,793 570,793 620,793 670,793 720,793 771,794 821,794 871,794 921,794 972,794 1022,794 1072,794 1122,794 1173,794 1223,794 1273,794 1323,794 1374,793 1374,763 1323,764 1273,764 1223,764 1173,764 1122,764 1072,764 1022,764 972,764 921,764 871,764 821,764 771,764 720,763 670,763 620,763 570,763 519,763 469,762 419,762 369,762"/>
                <Baseline points="369,782 419,782 469,782 519,783 570,783 620,783 670,783 720,783 771,784 821,784 871,784 921,784 972,784 1022,784 1072,784 1122,784 1173,784 1223,784 1273,784 1323,784 1374,783"/>
                <TextEquiv>
                    <Unicode>zwar die aus dem Vorigen schon gewonnene ungefähre</Unicode>
                </TextEquiv>
            </TextLine>
            <TextLine id="r1l17" custom="readingOrder {index:16;}">
                <Coords points="375,835 424,835 474,836 524,836 574,836 624,836 673,836 723,837 773,837 823,837 873,837 922,837 972,837 1022,837 1072,837 1122,837 1171,836 1221,836 1271,836 1321,836 1371,835 1371,805 1321,806 1271,806 1221,806 1171,806 1122,807 1072,807 1022,807 972,807 922,807 873,807 823,807 773,807 723,807 673,806 624,806 574,806 524,806 474,806 424,805 375,805"/>
                <Baseline points="375,825 424,825 474,826 524,826 574,826 624,826 673,826 723,827 773,827 823,827 873,827 922,827 972,827 1022,827 1072,827 1122,827 1171,826 1221,826 1271,826 1321,826 1371,825"/>
                <TextEquiv>
                    <Unicode>Zeitbestimmung um Nichts präcisiren, sie kann aber</Unicode>
                </TextEquiv>
            </TextLine>
            <TextLine id="r1l18" custom="readingOrder {index:17;}">
                <Coords points="376,877 425,878 475,878 525,879 574,879 624,879 674,880 723,880 773,880 823,880 873,879 922,879 972,879 1022,879 1071,879 1121,879 1171,879 1220,879 1270,879 1320,879 1370,880 1370,850 1320,849 1270,849 1220,849 1171,849 1121,849 1071,849 1022,849 972,849 922,849 873,849 823,850 773,850 723,850 674,850 624,849 574,849 525,849 475,848 425,848 376,847"/>
                <Baseline points="376,867 425,868 475,868 525,869 574,869 624,869 674,870 723,870 773,870 823,870 873,869 922,869 972,869 1022,869 1071,869 1121,869 1171,869 1220,869 1270,869 1320,869 1370,870"/>
                <TextEquiv>
                    <Unicode>immerhin zur Bestätigung dienen; denn die Schreibung</Unicode>
                </TextEquiv>
            </TextLine>
            <TextLine id="r1l19" custom="readingOrder {index:18;}">
                <Coords points="374,921 424,921 474,921 524,921 574,922 624,922 674,922 724,922 774,922 824,922 874,922 924,922 974,922 1024,922 1074,922 1124,922 1174,922 1224,922 1274,922 1324,922 1374,922 1374,892 1324,892 1274,892 1224,892 1174,892 1124,892 1074,892 1024,892 974,892 924,892 874,892 824,892 774,892 724,892 674,892 624,892 574,892 524,891 474,891 424,891 374,891"/>
                <Baseline points="374,911 424,911 474,911 524,911 574,912 624,912 674,912 724,912 774,912 824,912 874,912 924,912 974,912 1024,912 1074,912 1124,912 1174,912 1224,912 1274,912 1324,912 1374,912"/>
                <TextEquiv>
                    <Unicode>ym, my etc. scheint wiederum erst um die Mitte des</Unicode>
                </TextEquiv>
            </TextLine>
            <TextLine id="r1l20" custom="readingOrder {index:19;}">
                <Coords points="372,966 424,966 477,966 529,965 582,965 634,965 687,965 740,965 792,965 845,965 897,965 950,966 1002,966 1055,966 1108,966 1160,965 1213,965 1265,965 1318,965 1371,964 1371,934 1318,935 1265,935 1213,935 1160,935 1108,936 1055,936 1002,936 950,936 897,935 845,935 792,935 740,935 687,935 634,935 582,935 529,935 477,936 424,936 372,936"/>
                <Baseline points="372,956 424,956 477,956 529,955 582,955 634,955 687,955 740,955 792,955 845,955 897,955 950,956 1002,956 1055,956 1108,956 1160,955 1213,955 1265,955 1318,955 1371,954"/>
                <TextEquiv>
                    <Unicode>13. Jh. in Gebrauch zu kommen, wenigstens kann ich</Unicode>
                </TextEquiv>
            </TextLine>
            <TextLine id="r1l21" custom="readingOrder {index:20;}">
                <Coords points="376,1007 425,1007 475,1008 525,1008 575,1008 625,1009 675,1009 725,1009 775,1009 825,1009 875,1009 924,1008 974,1008 1024,1008 1074,1008 1124,1008 1174,1008 1224,1009 1274,1009 1324,1009 1374,1010 1374,980 1324,979 1274,979 1224,979 1174,978 1124,978 1074,978 1024,978 974,978 924,978 875,979 825,979 775,979 725,979 675,979 625,979 575,978 525,978 475,978 425,977 376,977"/>
                <Baseline points="376,997 425,997 475,998 525,998 575,998 625,999 675,999 725,999 775,999 825,999 875,999 924,998 974,998 1024,998 1074,998 1124,998 1174,998 1224,999 1274,999 1324,999 1374,1000"/>
                <TextEquiv>
                    <Unicode>keinen Fall aus den alten Hdsch. des 12. und Anfang</Unicode>
                </TextEquiv>
            </TextLine>
            <TextLine id="r1l22" custom="readingOrder {index:21;}">
                <Coords points="369,1051 418,1051 468,1052 518,1052 568,1052 618,1052 668,1052 717,1052 767,1052 817,1052 867,1051 917,1051 967,1051 1017,1051 1066,1051 1116,1051 1166,1051 1216,1051 1266,1051 1316,1052 1366,1053 1366,1023 1316,1022 1266,1021 1216,1021 1166,1021 1116,1021 1066,1021 1017,1021 967,1021 917,1021 867,1021 817,1022 767,1022 717,1022 668,1022 618,1022 568,1022 518,1022 468,1022 418,1021 369,1021"/>
                <Baseline points="369,1041 418,1041 468,1042 518,1042 568,1042 618,1042 668,1042 717,1042 767,1042 817,1042 867,1041 917,1041 967,1041 1017,1041 1066,1041 1116,1041 1166,1041 1216,1041 1266,1041 1316,1042 1366,1043"/>
                <TextEquiv>
                    <Unicode>des 13. Jh. nachweisen, und die Urkunde von 1215</Unicode>
                </TextEquiv>
            </TextLine>
            <TextLine id="r1l23" custom="readingOrder {index:22;}">
                <Coords points="375,1094 424,1094 473,1094 522,1094 572,1094 621,1094 670,1094 720,1094 769,1094 818,1094 868,1094 917,1094 966,1093 1015,1093 1065,1093 1114,1093 1163,1093 1213,1093 1262,1094 1311,1094 1361,1094 1361,1064 1311,1064 1262,1064 1213,1063 1163,1063 1114,1063 1065,1063 1015,1063 966,1063 917,1064 868,1064 818,1064 769,1064 720,1064 670,1064 621,1064 572,1064 522,1064 473,1064 424,1064 375,1064"/>
                <Baseline points="375,1084 424,1084 473,1084 522,1084 572,1084 621,1084 670,1084 720,1084 769,1084 818,1084 868,1084 917,1084 966,1083 1015,1083 1065,1083 1114,1083 1163,1083 1213,1083 1262,1084 1311,1084 1361,1084"/>
                <TextEquiv>
                    <Unicode>(Sir James, Coll.) hat noch Wincestre, vint, Glastinge¬</Unicode>
                </TextEquiv>
            </TextLine>
            <TextLine id="r1l24" custom="readingOrder {index:23;}">
                <Coords points="374,1136 423,1136 473,1136 522,1136 572,1136 622,1136 671,1136 721,1136 771,1136 820,1136 870,1136 920,1136 969,1137 1019,1137 1069,1137 1118,1137 1168,1137 1218,1137 1267,1138 1317,1138 1367,1138 1367,1108 1317,1108 1267,1108 1218,1107 1168,1107 1118,1107 1069,1107 1019,1107 969,1107 920,1106 870,1106 820,1106 771,1106 721,1106 671,1106 622,1106 572,1106 522,1106 473,1106 423,1106 374,1106"/>
                <Baseline points="374,1126 423,1126 473,1126 522,1126 572,1126 622,1126 671,1126 721,1126 771,1126 820,1126 870,1126 920,1126 969,1127 1019,1127 1069,1127 1118,1127 1168,1127 1218,1127 1267,1128 1317,1128 1367,1128"/>
                <TextEquiv>
                    <Unicode>bur, primerein, die von 1256 (Rymer, Foed. I, 588—9)</Unicode>
                </TextEquiv>
            </TextLine>
            <TextLine id="r1l25" custom="readingOrder {index:24;}">
                <Coords points="372,1179 421,1179 471,1179 521,1179 571,1179 621,1179 671,1179 721,1179 771,1179 821,1179 871,1179 920,1180 970,1180 1020,1180 1070,1180 1120,1180 1170,1180 1220,1180 1270,1180 1320,1180 1370,1180 1370,1150 1320,1150 1270,1150 1220,1150 1170,1150 1120,1150 1070,1150 1020,1150 970,1150 920,1150 871,1149 821,1149 771,1149 721,1149 671,1149 621,1149 571,1149 521,1149 471,1149 421,1149 372,1149"/>
                <Baseline points="372,1169 421,1169 471,1169 521,1169 571,1169 621,1169 671,1169 721,1169 771,1169 821,1169 871,1169 920,1170 970,1170 1020,1170 1070,1170 1120,1170 1170,1170 1220,1170 1270,1170 1320,1170 1370,1170"/>
                <TextEquiv>
                    <Unicode>prechein, seint, cinque, meinteins, vyndrent, d. h. 1 y von</Unicode>
                </TextEquiv>
            </TextLine>
            <TextLine id="r1l26" custom="readingOrder {index:25;}">
                <Coords points="371,1221 423,1221 476,1222 528,1222 581,1223 633,1223 686,1223 739,1223 791,1223 844,1223 896,1223 949,1222 1001,1222 1054,1222 1107,1222 1159,1223 1212,1223 1264,1223 1317,1224 1370,1225 1370,1195 1317,1194 1264,1193 1212,1193 1159,1193 1107,1192 1054,1192 1001,1192 949,1192 896,1193 844,1193 791,1193 739,1193 686,1193 633,1193 581,1193 528,1192 476,1192 423,1191 371,1191"/>
                <Baseline points="371,1211 423,1211 476,1212 528,1212 581,1213 633,1213 686,1213 739,1213 791,1213 844,1213 896,1213 949,1212 1001,1212 1054,1212 1107,1212 1159,1213 1212,1213 1264,1213 1317,1214 1370,1215"/>
                <TextEquiv>
                    <Unicode>5 Fällen, die von 1259: (Rymer I, 675—77) Quinzeime,</Unicode>
                </TextEquiv>
            </TextLine>
            <TextLine id="r1l27" custom="readingOrder {index:26;}">
                <Coords points="372,1267 421,1267 471,1267 521,1266 571,1266 621,1266 671,1266 721,1266 771,1266 821,1266 871,1266 920,1266 970,1266 1020,1267 1070,1267 1120,1267 1170,1267 1220,1267 1270,1267 1320,1267 1370,1267 1370,1237 1320,1237 1270,1237 1220,1237 1170,1237 1120,1237 1070,1237 1020,1237 970,1236 920,1236 871,1236 821,1236 771,1236 721,1236 671,1236 621,1236 571,1236 521,1236 471,1237 421,1237 372,1237"/>
                <Baseline points="372,1257 421,1257 471,1257 521,1256 571,1256 621,1256 671,1256 721,1256 771,1256 821,1256 871,1256 920,1256 970,1256 1020,1257 1070,1257 1120,1257 1170,1257 1220,1257 1270,1257 1320,1257 1370,1257"/>
                <TextEquiv>
                    <Unicode>quites, quitera, derreinement, ainsi, vivroient, demaines,</Unicode>
                </TextEquiv>
            </TextLine>
            <TextLine id="r1l28" custom="readingOrder {index:27;}">
                <Coords points="374,1309 423,1309 473,1309 523,1309 572,1310 622,1310 672,1310 721,1310 771,1310 821,1310 871,1310 920,1309 970,1309 1020,1309 1069,1309 1119,1309 1169,1309 1218,1309 1268,1309 1318,1309 1368,1309 1368,1279 1318,1279 1268,1279 1218,1279 1169,1279 1119,1279 1069,1279 1020,1279 970,1279 920,1279 871,1280 821,1280 771,1280 721,1280 672,1280 622,1280 572,1280 523,1279 473,1279 423,1279 374,1279"/>
                <Baseline points="374,1299 423,1299 473,1299 523,1299 572,1300 622,1300 672,1300 721,1300 771,1300 821,1300 871,1300 920,1299 970,1299 1020,1299 1069,1299 1119,1299 1169,1299 1218,1299 1268,1299 1318,1299 1368,1299"/>
                <TextEquiv>
                    <Unicode>Ryuere, seruises, cinc, quinzem, ainznez, 1 von 11; die</Unicode>
                </TextEquiv>
            </TextLine>
            <TextLine id="r1l29" custom="readingOrder {index:28;}">
                <Coords points="370,1350 419,1351 469,1352 519,1352 569,1353 619,1353 668,1353 718,1354 768,1354 818,1353 868,1353 917,1353 967,1353 1017,1353 1067,1353 1117,1353 1166,1352 1216,1352 1266,1352 1316,1352 1366,1353 1366,1323 1316,1322 1266,1322 1216,1322 1166,1322 1117,1323 1067,1323 1017,1323 967,1323 917,1323 868,1323 818,1323 768,1324 718,1324 668,1323 619,1323 569,1323 519,1322 469,1322 419,1321 370,1320"/>
                <Baseline points="370,1340 419,1341 469,1342 519,1342 569,1343 619,1343 668,1343 718,1344 768,1344 818,1343 868,1343 917,1343 967,1343 1017,1343 1067,1343 1117,1343 1166,1342 1216,1342 1266,1342 1316,1342 1366,1343"/>
                <TextEquiv>
                    <Unicode>von 1266: (Rym. I, 838) amystez, acquitayne, poinz, tes-</Unicode>
                </TextEquiv>
            </TextLine>
            <TextLine id="r1l30" custom="readingOrder {index:29;}">
                <Coords points="371,1394 420,1395 470,1395 519,1395 569,1396 619,1396 668,1396 718,1396 768,1396 817,1396 867,1396 917,1396 966,1396 1016,1396 1066,1395 1115,1395 1165,1396 1215,1396 1264,1396 1314,1396 1364,1396 1364,1366 1314,1366 1264,1366 1215,1366 1165,1366 1115,1365 1066,1365 1016,1366 966,1366 917,1366 867,1366 817,1366 768,1366 718,1366 668,1366 619,1366 569,1366 519,1365 470,1365 420,1365 371,1364"/>
                <Baseline points="371,1384 420,1385 470,1385 519,1385 569,1386 619,1386 668,1386 718,1386 768,1386 817,1386 867,1386 917,1386 966,1386 1016,1386 1066,1385 1115,1385 1165,1386 1215,1386 1264,1386 1314,1386 1364,1386"/>
                <TextEquiv>
                    <Unicode>monie, mis, plein, Guilliame, proschein, dime, prince, Linde,</Unicode>
                </TextEquiv>
            </TextLine>
            <TextLine id="r1l31" custom="readingOrder {index:30;}">
                <Coords points="368,1435 417,1436 467,1436 517,1437 567,1437 617,1437 666,1438 716,1438 766,1438 816,1439 866,1439 915,1439 965,1439 1015,1439 1065,1439 1115,1439 1164,1439 1214,1438 1264,1438 1314,1438 1364,1437 1364,1407 1314,1408 1264,1408 1214,1408 1164,1409 1115,1409 1065,1409 1015,1409 965,1409 915,1409 866,1409 816,1409 766,1408 716,1408 666,1408 617,1407 567,1407 517,1407 467,1406 417,1406 368,1405"/>
                <Baseline points="368,1425 417,1426 467,1426 517,1427 567,1427 617,1427 666,1428 716,1428 766,1428 816,1429 866,1429 915,1429 965,1429 1015,1429 1065,1429 1115,1429 1164,1429 1214,1428 1264,1428 1314,1428 1364,1427"/>
                <TextEquiv>
                    <Unicode>2 von 11; die von 1268: (ib. I, 847—9) meimes, tin¬</Unicode>
                </TextEquiv>
            </TextLine>
            <TextLine id="r1l32" custom="readingOrder {index:31;}">
                <Coords points="367,1479 416,1480 466,1480 515,1480 565,1481 615,1481 664,1481 714,1481 764,1481 813,1481 863,1481 913,1481 962,1481 1012,1481 1062,1481 1111,1481 1161,1481 1211,1481 1260,1481 1310,1481 1360,1481 1360,1451 1310,1451 1260,1451 1211,1451 1161,1451 1111,1451 1062,1451 1012,1451 962,1451 913,1451 863,1451 813,1451 764,1451 714,1451 664,1451 615,1451 565,1451 515,1450 466,1450 416,1450 367,1449"/>
                <Baseline points="367,1469 416,1470 466,1470 515,1470 565,1471 615,1471 664,1471 714,1471 764,1471 813,1471 863,1471 913,1471 962,1471 1012,1471 1062,1471 1111,1471 1161,1471 1211,1471 1260,1471 1310,1471 1360,1471"/>
                <TextEquiv>
                    <Unicode>drent, vint, primerement, meyns, tingne, compaynge, cin¬</Unicode>
                </TextEquiv>
            </TextLine>
            <TextLine id="r1l33" custom="readingOrder {index:32;}">
                <Coords points="363,1524 413,1524 463,1524 513,1523 564,1523 614,1523 664,1523 714,1523 765,1524 815,1524 865,1524 915,1524 966,1524 1016,1524 1066,1524 1116,1524 1167,1524 1217,1524 1267,1524 1317,1523 1368,1523 1368,1493 1317,1493 1267,1494 1217,1494 1167,1494 1116,1494 1066,1494 1016,1494 966,1494 915,1494 865,1494 815,1494 765,1494 714,1493 664,1493 614,1493 564,1493 513,1493 463,1494 413,1494 363,1494"/>
                <Baseline points="363,1514 413,1514 463,1514 513,1513 564,1513 614,1513 664,1513 714,1513 765,1514 815,1514 865,1514 915,1514 966,1514 1016,1514 1066,1514 1116,1514 1167,1514 1217,1514 1267,1514 1317,1513 1368,1513"/>
                <TextEquiv>
                    <Unicode>quante, Winterburne, vint, molins, Aginois, Britayne, sei¬</Unicode>
                </TextEquiv>
            </TextLine>
            <TextLine id="r1l34" custom="readingOrder {index:33;}">
                <Coords points="369,1567 418,1567 468,1567 517,1567 567,1567 617,1567 666,1567 716,1567 766,1567 815,1567 865,1567 915,1567 964,1567 1014,1567 1064,1567 1113,1567 1163,1567 1213,1567 1262,1568 1312,1568 1362,1568 1362,1538 1312,1538 1262,1538 1213,1537 1163,1537 1113,1537 1064,1537 1014,1537 964,1537 915,1537 865,1537 815,1537 766,1537 716,1537 666,1537 617,1537 567,1537 517,1537 468,1537 418,1537 369,1537"/>
                <Baseline points="369,1557 418,1557 468,1557 517,1557 567,1557 617,1557 666,1557 716,1557 766,1557 815,1557 865,1557 915,1557 964,1557 1014,1557 1064,1557 1113,1557 1163,1557 1213,1557 1262,1558 1312,1558 1362,1558"/>
                <TextEquiv>
                    <Unicode>sine, quidem, mayn, eynes, reuinge, tinent, mayns, meyns,</Unicode>
                </TextEquiv>
            </TextLine>
            <TextLine id="r1l35" custom="readingOrder {index:34;}">
                <Coords points="375,1608 424,1609 473,1609 523,1610 572,1610 622,1610 671,1610 721,1610 770,1610 820,1610 869,1610 918,1610 968,1610 1017,1610 1067,1610 1116,1610 1166,1610 1215,1610 1265,1610 1314,1611 1364,1611 1364,1581 1314,1581 1265,1580 1215,1580 1166,1580 1116,1580 1067,1580 1017,1580 968,1580 918,1580 869,1580 820,1580 770,1580 721,1580 671,1580 622,1580 572,1580 523,1580 473,1579 424,1579 375,1578"/>
                <Baseline points="375,1598 424,1599 473,1599 523,1600 572,1600 622,1600 671,1600 721,1600 770,1600 820,1600 869,1600 918,1600 968,1600 1017,1600 1067,1600 1116,1600 1166,1600 1215,1600 1265,1600 1314,1601 1364,1601"/>
                <TextEquiv>
                    <Unicode>Gascoyne, cinez, teinst, quinzime, cinquante, mis, 8 von 27;</Unicode>
                </TextEquiv>
            </TextLine>
            <TextLine id="r1l36" custom="readingOrder {index:35;}">
                <Coords points="370,1650 419,1650 469,1651 519,1652 568,1652 618,1653 668,1653 717,1653 767,1653 817,1653 867,1653 916,1653 966,1653 1016,1653 1065,1653 1115,1653 1165,1653 1214,1653 1264,1653 1314,1652 1364,1652 1364,1622 1314,1622 1264,1623 1214,1623 1165,1623 1115,1623 1065,1623 1016,1623 966,1623 916,1623 867,1623 817,1623 767,1623 717,1623 668,1623 618,1623 568,1622 519,1622 469,1621 419,1620 370,1620"/>
                <Baseline points="370,1640 419,1640 469,1641 519,1642 568,1642 618,1643 668,1643 717,1643 767,1643 817,1643 867,1643 916,1643 966,1643 1016,1643 1065,1643 1115,1643 1165,1643 1214,1643 1264,1643 1314,1642 1364,1642"/>
                <TextEquiv>
                    <Unicode>die von 1270: Gascoyne, Romeyns, seynte, reuenir, re¬</Unicode>
                </TextEquiv>
            </TextLine>
            <TextLine id="r1l37" custom="readingOrder {index:36;}">
                <Coords points="366,1695 415,1695 465,1695 515,1695 565,1695 615,1696 665,1696 715,1696 765,1696 815,1696 865,1696 914,1696 964,1696 1014,1696 1064,1696 1114,1696 1164,1696 1214,1696 1264,1696 1314,1696 1364,1696 1364,1665 1314,1665 1264,1665 1214,1665 1164,1665 1114,1665 1064,1665 1014,1665 964,1665 914,1665 865,1665 815,1665 765,1665 715,1665 665,1665 615,1665 565,1664 515,1664 465,1664 415,1664 366,1664"/>
                <Baseline points="366,1685 415,1685 465,1685 515,1685 565,1685 615,1686 665,1686 715,1686 765,1686 815,1686 865,1686 914,1686 964,1686 1014,1686 1064,1686 1114,1686 1164,1686 1214,1686 1264,1686 1314,1686 1364,1686"/>
                <TextEquiv>
                    <Unicode>meyngne, meyme, amis, Chasteleyns, demeyne, soverayn, gar¬</Unicode>
                </TextEquiv>
            </TextLine>
            <TextLine id="r1l38" custom="readingOrder {index:37;}">
                <Coords points="367,1738 416,1738 466,1738 516,1738 566,1739 616,1739 665,1739 715,1739 765,1739 815,1739 865,1739 914,1739 964,1739 1014,1739 1064,1739 1114,1739 1163,1739 1213,1739 1263,1739 1313,1740 1363,1740 1363,1710 1313,1710 1263,1709 1213,1709 1163,1709 1114,1709 1064,1709 1014,1709 964,1709 914,1709 865,1709 815,1709 765,1709 715,1709 665,1709 616,1709 566,1709 516,1708 466,1708 416,1708 367,1708"/>
                <Baseline points="367,1728 416,1728 466,1728 516,1728 566,1729 616,1729 665,1729 715,1729 765,1729 815,1729 865,1729 914,1729 964,1729 1014,1729 1064,1729 1114,1729 1163,1729 1213,1729 1263,1729 1313,1730 1363,1730"/>
                <TextEquiv>
                    <Unicode>deyns, ordeynement, certeyn, Wyncestre, cinq, d. h. 12 von</Unicode>
                </TextEquiv>
            </TextLine>
            <TextLine id="r1l39" custom="readingOrder {index:38;}">
                <Coords points="367,1781 416,1781 466,1781 516,1781 566,1781 616,1781 666,1781 715,1781 765,1781 815,1781 865,1781 915,1781 965,1780 1015,1780 1064,1781 1114,1781 1164,1781 1214,1781 1264,1781 1314,1782 1364,1782 1364,1752 1314,1752 1264,1751 1214,1751 1164,1751 1114,1751 1064,1751 1015,1750 965,1750 915,1751 865,1751 815,1751 765,1751 715,1751 666,1751 616,1751 566,1751 516,1751 466,1751 416,1751 367,1751"/>
                <Baseline points="367,1771 416,1771 466,1771 516,1771 566,1771 616,1771 666,1771 715,1771 765,1771 815,1771 865,1771 915,1771 965,1770 1015,1770 1064,1771 1114,1771 1164,1771 1214,1771 1264,1771 1314,1772 1364,1772"/>
                <TextEquiv>
                    <Unicode>15, ungefähr in diesem Verhältniss geht es nun weiter,</Unicode>
                </TextEquiv>
            </TextLine>
            <TextLine id="r1l40" custom="readingOrder {index:39;}">
                <Coords points="367,1824 419,1824 472,1824 524,1824 577,1824 629,1824 682,1824 735,1824 787,1824 840,1824 892,1824 945,1824 997,1824 1050,1825 1103,1825 1155,1825 1208,1825 1260,1825 1313,1825 1366,1824 1366,1794 1313,1795 1260,1795 1208,1795 1155,1795 1103,1795 1050,1795 997,1794 945,1794 892,1794 840,1794 787,1794 735,1794 682,1794 629,1794 577,1794 524,1794 472,1794 419,1794 367,1794"/>
                <Baseline points="367,1814 419,1814 472,1814 524,1814 577,1814 629,1814 682,1814 735,1814 787,1814 840,1814 892,1814 945,1814 997,1814 1050,1815 1103,1815 1155,1815 1208,1815 1260,1815 1313,1815 1366,1814"/>
                <TextEquiv>
                    <Unicode>die von 1271 (ibid.) hat 7 y von 14 Fällen, die von</Unicode>
                </TextEquiv>
            </TextLine>
            <TextLine id="r1l41" custom="readingOrder {index:40;}">
                <Coords points="371,1870 420,1869 470,1869 520,1868 570,1868 619,1868 669,1868 719,1868 769,1868 818,1868 868,1868 918,1868 968,1868 1017,1868 1067,1868 1117,1868 1167,1868 1216,1868 1266,1868 1316,1868 1366,1868 1366,1838 1316,1838 1266,1838 1216,1838 1167,1838 1117,1838 1067,1838 1017,1838 968,1838 918,1838 868,1838 818,1838 769,1838 719,1838 669,1838 619,1838 570,1838 520,1838 470,1839 420,1839 371,1840"/>
                <Baseline points="371,1860 420,1859 470,1859 520,1858 570,1858 619,1858 669,1858 719,1858 769,1858 818,1858 868,1858 918,1858 968,1858 1017,1858 1067,1858 1117,1858 1167,1858 1216,1858 1266,1858 1316,1858 1366,1858"/>
                <TextEquiv>
                    <Unicode>1272 (ib.) 12 von 14, die von 1274 9 von 15, die von</Unicode>
                </TextEquiv>
            </TextLine>
            <TextLine id="r1l42" custom="readingOrder {index:41;}">
                <Coords points="368,1911 417,1911 467,1911 516,1911 566,1912 615,1912 665,1912 714,1912 764,1912 813,1912 863,1912 913,1912 962,1912 1012,1912 1061,1911 1111,1911 1160,1911 1210,1911 1259,1910 1309,1910 1359,1909 1359,1879 1309,1880 1259,1880 1210,1881 1160,1881 1111,1881 1061,1881 1012,1882 962,1882 913,1882 863,1882 813,1882 764,1882 714,1882 665,1882 615,1882 566,1882 516,1881 467,1881 417,1881 368,1881"/>
                <Baseline points="368,1901 417,1901 467,1901 516,1901 566,1902 615,1902 665,1902 714,1902 764,1902 813,1902 863,1902 913,1902 962,1902 1012,1902 1061,1901 1111,1901 1160,1901 1210,1901 1259,1900 1309,1900 1359,1899"/>
                <TextEquiv>
                    <Unicode>1277 (ibid.) 4 von 7 und die aus Codnor 1277 (Wol¬</Unicode>
                </TextEquiv>
            </TextLine>
            <TextEquiv>
                <Unicode>Zeit der Abfassung des urspr. Trakt., 13/14. Jh. XLIII
Rengni; durch das 14. Jh. hindurch ist aber -ngn- ent¬
schieden im Abnehmen begriffen, grosser Popularität
hat es sich in England überhaupt nicht erfreut, doch
scheint es am häufigsten nach der Mitte des 13. Jh. in
Gebrauch gewesen zu sein. Wenn daher unsere Regel
gegen Anfang des 14. Jh. abgefasst ist, so würde sie
den Anfang, die Schreibweise ngn aufzugeben, bezeich¬
nen. Wenn Coyfurelly p. 17, Z. 17—20 am Ende des
14. Jh. die Schreibung compaingnon, compaingnie, moingne,
maingne, wie sie von dem grösseren Theil Frankreichs
gebraucht werde, der von compaignon etc. vorzieht, so
beweist das für England, das ngn damals nicht mehr
in Gebrauch war.
4) Die Regel XVII (T 17. H 92. CO 25) wird
zwar die aus dem Vorigen schon gewonnene ungefähre
Zeitbestimmung um Nichts präcisiren, sie kann aber
immerhin zur Bestätigung dienen; denn die Schreibung
ym, my etc. scheint wiederum erst um die Mitte des
13. Jh. in Gebrauch zu kommen, wenigstens kann ich
keinen Fall aus den alten Hdsch. des 12. und Anfang
des 13. Jh. nachweisen, und die Urkunde von 1215
(Sir James, Coll.) hat noch Wincestre, vint, Glastinge¬
bur, primerein, die von 1256 (Rymer, Foed. I, 588—9)
prechein, seint, cinque, meinteins, vyndrent, d. h. 1 y von
5 Fällen, die von 1259: (Rymer I, 675—77) Quinzeime,
quites, quitera, derreinement, ainsi, vivroient, demaines,
Ryuere, seruises, cinc, quinzem, ainznez, 1 von 11; die
von 1266: (Rym. I, 838) amystez, acquitayne, poinz, tes-
monie, mis, plein, Guilliame, proschein, dime, prince, Linde,
2 von 11; die von 1268: (ib. I, 847—9) meimes, tin¬
drent, vint, primerement, meyns, tingne, compaynge, cin¬
quante, Winterburne, vint, molins, Aginois, Britayne, sei¬
sine, quidem, mayn, eynes, reuinge, tinent, mayns, meyns,
Gascoyne, cinez, teinst, quinzime, cinquante, mis, 8 von 27;
die von 1270: Gascoyne, Romeyns, seynte, reuenir, re¬
meyngne, meyme, amis, Chasteleyns, demeyne, soverayn, gar¬
deyns, ordeynement, certeyn, Wyncestre, cinq, d. h. 12 von
15, ungefähr in diesem Verhältniss geht es nun weiter,
die von 1271 (ibid.) hat 7 y von 14 Fällen, die von
1272 (ib.) 12 von 14, die von 1274 9 von 15, die von
1277 (ibid.) 4 von 7 und die aus Codnor 1277 (Wol¬</Unicode>
            </TextEquiv>
        </TextRegion>
    </Page>
</PcGts>
