1749 2481
556 68 1222 101 Zeit des Kommentars sammt Zus., 14. Jh.
389 68 542 103 XLVI
391 160 1391 192 auf den Zeitraum von 1300—1377 (wahrscheinliches
403 202 1386 236 Jahr der Niederschrift des Ms. H), resp. 1382 (wahr¬
396 246 1382 278 scheinliches Jahr der Herstellung der Hdsch. C) be-
396 287 1386 321 schränkt; diese Begrenzung wird uns wohl einer längeren
393 333 1386 365 Besprechung dieses Punktes überheben, um so mehr
395 374 1390 409 als eine nähere Datirung aus dem Inhalt einzelner Re¬
395 418 1386 452 geln doch nicht wahrscheinlich ist. Im Uebrigen ver¬
395 462 973 497 weise ich auf die Anmerkungen.
