1749 2481
383 65 1284 99 XLIV Zeit der Abfassung des urspr. Trakt., 13/14. Jh.
377 158 1378 191 ley Ch. 4. 5) 7 von 11, die aus dem Jahre 1278 (Rym.)
383 201 1385 233 1 von 5, die aus 1280 (ibid.) 1 von 2, die andere von
392 243 1386 277 1280 (Addit. 20437) nur 2 von 9, die aus 1291 (Sir
384 287 1379 320 James, Coll.) 5 von 12, die aus 1296 (ibid.) kein y
381 328 1380 363 von 8 Fällen, die aus 1297 Cilcestre (Addit. Ch. 1531)
388 373 1380 406 9 von 20; Beispiele aus dem 14, Jh. sind überflüssig,
383 414 1386 449 da y da fast ausnahmslos erscheint. Die Regel ist
387 458 1382 492 offenbar zu einer Zeit abgefasst, in welcher i und y sich
381 500 1375 535 vor m, n, u noch ablösten, das y aber schon den Vor¬
375 545 1380 578 rang hatte. Auch das wird mit unserer Annahme, der
386 588 1380 621 Traktat müsse um die Wende des 13. und 14. Jh. ge¬
379 631 921 664 schrieben sein, sich vertragen.
480 672 1380 709 5) Regel XVIII (T 18) schreibt vor, s hätte in
379 715 1373 748 den einsilbigen Wörtern sum, set, si, se die runde Form.
381 758 1379 793 Dies runde s kommt zwar ganz vereinzelt schon Ende
380 803 1378 836 des 12. Jh. am Anfang eines Wortes vor; freilich mag
375 845 1379 878 man in manchen Fällen im Zweifel sein, ob man es mit
377 888 1382 921 der Majuskel oder Minuskel zu thun habe, jedenfalls
379 929 1376 964 wird es aber als Iniziale erst seit der Mitte des 13. Jh.
373 974 1369 1007 häufig verwendet. Das gilt wenigstens für lat. Urkun¬
375 1018 1371 1050 den Englands. Die Magna Charta von 1215 hat z. B.
379 1060 1373 1092 kein einziges kleines s im Anlaut. Zum ersten Mal ist
374 1102 1374 1135 es mir in der Urkunde von 1256 (Sir James, Coll. I,
373 1145 1363 1178 XVIII), in welcher die langen f aber noch stark über¬
373 1188 1365 1222 wiegen, begegnet; von da an wird es häufiger, so dass
374 1231 1371 1265 es im 14. Jh. das lange s im An¬ und Auslaut fast
375 1274 1368 1308 ganz verdrängt hat. Gegen das Ende des Jh. wird es
380 1316 1369 1351 dann als Iniziale wieder seltener und im Laufe des
377 1360 1370 1394 15. Jh. setzt sich der Gebrauch fest, der sich durch die
379 1403 1369 1436 Buchdruckerkunst z. Th. bis in den Anfang dieses Jh.
378 1447 1369 1478 erhalten hatte. Ob die Einführung der runden inizialen
371 1490 1368 1521 s mit den einsilbigen Wörtchen sum etc. begonnen habe,
375 1532 1365 1564 wie unsere Regel durchblicken lässt, muss ich dahin
375 1574 1368 1608 gestellt sein lassen, da dies aus den mir zu Gebote ste¬
375 1618 1370 1651 henden Urkunden nicht hervorgeht. Jedenfalls wird aber
374 1661 1369 1694 dadurch angedeutet, dass sich der Gebrauch des runden
374 1703 1370 1737 s als Anfangsbuchstabe noch auf einige Wörter be¬
374 1748 1376 1780 schränkte. Somit wird die Abfassung der Regel nicht
375 1789 1372 1823 allzulange nach der Mitte des 13. Jh. angesetzt werden
375 1833 1374 1866 dürfen. Das Zusammentreffen der Abfassungszeit der
374 1859 1375 1912 Regel T 18 mit derjenigen des ersten als ursprünglich
