1749 2481
375 75 431 113 XI
496 76 1255 111 Zeit der Abfassung des urspr. Trakt., 13/14. Jh.
477 168 1379 203 2) XII (T 10, H 27, CO 46) heisst es: que vel qui
376 209 1372 246 consuevit olim scribi cum k, sed apud modernos commu¬
375 253 1379 289 tatur k in q. Die Schreibung ki und vollends ke kommt
379 295 1380 332 erst nach der Mitte des 12. Jh. in Gebrauch *). Von
373 338 1380 375 den Strassburger Eiden bis herab zum Londoner Com¬
376 382 1374 419 putus findet sich immer nur qui oder chi vor und bis
375 427 1375 463 ans Ende des 12. Jh. que. Beide ki und ke scheinen
377 471 1375 506 ganz besonders im Anfang des 13. Jh. im Schwang
380 516 679 550 gewesen zu sein.
471 614 1354 650 Nach den Urkunden verhält es sich so: die von
378 686 1377 719 1215 (Sir James, Coll. I, XII) hat: ki 3 mal, ke 3 mal,
1044 729 1239 762 que einmal.
379 773 1278 804 1256 (Rymer, Foed. I, 588—9): ki, ke, kaunt, kar.
385 797 1378 857 1259( — — 1,675—7): qui, que, qe, qu’on, nur
957 859 1129 890 einmal ke.
382 883 1144 936 1265( — — 1, 838 ): que, quar.
378 928 1176 978 1266 ( — — ): ke und que.
385 969 1144 1019 1268 ( — — I,847—8): ke 11 mal.
1282 1003 1379 1039 beide
378 1010 1264 1061 1268( — — I,848—9): que,qe,kenur 1 mal)
960 1053 1382 1106 aus Wodestoke datirt.
380 1099 1081 1149 1269( — — 1,858—9): qi, qe,
1273 1131 1384 1166 beide
380 1144 1248 1195 1270 ( — — 1,862—4): ky, ke, hant, keus
959 1181 1382 1234 aus Wyncestre datirt.
377 1227 1137 1277 1271 ( — — I. ): ki, ke, kil.
384 1270 1008 1321 1272( — — I, ): ke.
380 1312 1162 1363 1274( — — ):ky, ke, que.
379 1354 1069 1406 1276( — —): qi, qe.
374 1392 1009 1450 1277 ( — — II,86 ): ke.
380 1440 1203 1493 1278( — — II, 106—7): qe, qil, quele.
385 1501 1206 1534 1277 Derbyshire (Wolley Chart. 4. 5): qe, quele.
383 1544 1082 1576 1280 (Rymer II, 159): ke, kar, quan ke.
382 1587 1327 1623 1280 London (Addit. Chart. 20437): qe, qil, qa, quen.
383 1630 1003 1663 1281 (Rymer, II, 165): qui, que, ke.
475 1692 1377 1730 Von hier ab habe ich fast nur qui, que, qi, qe
477 1814 1384 1851 *) Littré (s. qui) setzt allerdings die ki im Rol. ins 11. Jh.
376 1855 1379 1887 sie gehören aber in die 2. Hälfte des 12. Jh., da sie bloss der
381 1892 949 1924 Oxforder Hdsch. eigenthümlich sind.
