3436 4628
897 433 2012 554 Seu ef sa peoinesse que Duisentin ef
892 536 2022 640 orson disoient auoir fait daser en ihe
885 647 2004 727 rusafem moustsousenfiers feur ofs
897 725 2005 821 froẏq.ef se sers cheuasier acesse frir
881 832 2013 918 re print conge du duc Dacquitame
885 910 2010 1028 pour aser en france sers se rop pepin
907 997 2006 1115 se rendre et sa foẏ acquifer.Eisasē
892 1105 2004 1205 tin deuant son depar fir fuẏtemans
885 1180 2010 1277 sci fane au qui suẏ cuoit pronus:ses
880 1266 2006 1372 quef u deuoit porfer asa feur escsar
877 1349 2003 1477 monse.Le sers cheuasier supsaissa
884 1446 2003 1558 enfuz disant." Eranc cheuasier gars
884 1538 2007 1658 oez sien cesfur ane cui.Car sa pierre
884 1640 2005 1738 qui sesens est enchassee est de fesfe
871 1725 1998 1841 Serfu que ces us qui dessus suẏ sa por
873 1808 2001 1908 fe ne peust estee noẏe ne par fauss uit
868 1893 2001 2013 gement condempne.asenfin print
869 1990 1999 2107 sane au et fe mist en son dos. "A tant
869 2080 1991 2202 prindient conge suẏet Oisoiz pour
892 2166 1999 2298 aire seur soẏage. Et se sers cheuci
868 2261 1988 2381 sier print conge pour aser en frante.
867 2347 1997 2471 qinsi se depar firent ses frois qeuas
860 2440 1988 2536 siers de sa cite dacquif ame.Et prins
867 2537 1991 2649 ẏrent seur cemin cascusers sa par
868 2630 1989 2739 fie.Orson etSasentin monterenf
892 2715 1976 2830 ur sa nier ef a force de s oisse fant ost
886 2807 1981 2913 firent moust gr it cheini.car sa ner
855 2898 1988 3024 seur fust ẏousce et sesenf asgre aMe
902 2987 1987 3095 iz demand erenf aus marmiers se
868 3077 1990 3187 chemin pour firersers se cẏaffe au de
885 3182 1979 3276 ferr.iquref iz seur enseignerenf.Car
862 3278 1986 3378 Bien se cognoiss oienf pour fant que
866 3353 1990 3463 cesus pass aiqe effoit de cousffume ef
868 3451 1977 3551 dus ance que fous marchans paẏous
859 3527 1982 3635 enfsaf aire ef frisu.Or sontsas etin
856 3621 1958 3742 ef oison dessus sa mer qui desirenf
856 3722 1980 3828 nioust fort cifr ouuec se chaffe cui de
872 3797 1980 3939 ferr agu.Et se sers cheu asier ches
2100 440 3219 579 ui ausche par ses chamips quideuers
2099 547 3228 663 se pars de france asa ẏoẏe a're Nees
2100 628 3230 724 niais premier quif arriuast deuant
2099 733 3226 840 se roi Depin.Asanoimain sescuier
2102 815 3218 934 de sesuisS ant saropne.duques iaẏdes
2107 929 3217 1003 uant fait mencioi qui par sasenfinz
2094 994 3220 1113 en siafit de peserin fust encontre.Je
2124 1086 3217 1207 afua se rop pepin en grant homeur
2100 1185 3220 1286 efreuerence.Et qu anf se rop se seit
2094 1254 3221 1362 en ces ẏafitetsa parBe cinsifsourse.
2100 1366 3220 1473 il sur demanda si senoit du saint se
2094 1446 3224 1562 puschre ou de ques auffre soẏage if
2107 1552 3223 1654 eoit peserin.N ranc rop dist Gfandi
2088 1629 3220 1737 niain peseri ne suis se pas.mais pour
2077 1719 3204 1828 nioniz enfre prinse plus seuremef pars
2100 1805 3210 1924 faire me suis iis en Shafit de peferin
2087 1901 3207 2022 et sachez que ie suis mess ager dune
2103 1985 3215 2113 auste et puissate dame qui par fra
2082 2080 3212 2183 isoiz ef sauscete de son pais qeste de
2091 2177 3172 2287 qe fiee et enepis piteusement mise.
2092 2263 3201 2357 De'as sire cesse deme dont sesous
2079 2355 3207 2455 parse estosire seur.cest ass auoir sef
2076 2444 3212 2545 sissant La franche dame.Laquesse qi
2083 2539 3193 2640 foif etsans cause par ase pandre sein
2077 2637 3200 2726 pereur de grece a este situper asiemef
2077 2707 3199 2838 etẏonte usement dechaffee.et qui en
2072 2824 3202 2921 poure se et misere par fauste de ses
2084 2896 3195 2995 cours piieusement sanguist.Sien
2080 3009 3194 3095 que zse cueur dur.quant pour sa des
2080 3078 3204 3179 siur ance sous nesous ousez quĩs
2082 3160 3195 3262 fre ment empsoẏer.Qar sous estee
2079 3256 3199 3358 se plus puiss anf roz qui soit en cres
2098 3343 3201 3464 uiente.Et pour fant sire seussez a
2070 3443 3206 3553 ce sesoing nionsirer soffre puissance
2065 3529 3209 3653 ef s oisTance contre se fausp et mauss
2072 3620 3205 3729 Git empereur qui sans nusse cause ne
2073 3704 3193 3805 r aẏsoi asa nos se ef feanche dame fes
2078 3802 3198 3923 sissant sostre seur fes dessomeur ci
