3288 4516
231 370 1309 511 sast dangser Deru aiz ce Sanson.
234 492 1331 591 uisleur adit se cas du me s agier
239 562 1347 675 Etconse.sseur denianda juree poit
240 649 1337 777 pour se auoir quesse parf ñ'deuoif a
251 733 1350 860 fer ou deuers aqquit asue se sonduc
265 836 1341 945 ecourir ou deuers sẏois pour son pa
228 929 1346 1035 ie.garder.afaquesse chole respondit
223 1014 1343 1124 nusson dangser Sire fur cesre matĩ
231 1096 1329 1209 ere sous deuezestre fout conseite.
246 1181 1341 1302 Ear psus pres sous etGosire chez
240 1269 1332 1390 nuse que sostre rose.sous ne deuez
244 1372 1342 1486 pas dessendre se pais daustrus pour
248 1452 1341 1573 le softresaisser.pourquoẏ sans quĩ
247 1539 1335 1657 fre confeis auoir sous ẏrez ẏerg sẏo
236 1624 1344 1750 pour soffre paps garder ef de ffens
250 1737 1346 1834 " Ore.Et qicaut ẏous auresoz enne
239 1811 1341 1929 mis chassez es eppesses dehors des o
248 1921 1346 2011 tre ferre ef roẏausine.Adonc pours
236 1991 1338 2111 re zsous seuremief aler secourir ie ss
233 2078 1344 2207 duc sauarẏqui so' demande fecours
237 2171 1343 2285 Ce conseu creuN et afre pfa se rop.ef
238 2259 1337 2388 au mnesagier du Duclauarẏ oust.q
237 2363 1351 2464 pour se psent de moẏ ne peust au oir
247 2435 1336 2554 Jecours.car nener ne saust moi ost
261 2533 1342 2655 ans seiour ne difafion. Sers se paps
241 2619 1341 2723 de sẏon.Je suis despsaisant que ie
224 2710 1337 2819 ne se puis fec ourir qi son fesois ef no
235 2812 1342 2915 pourt ant Gous suẏdirezqui se fien
235 2903 1342 2996 ne fouss our sserme coutre sesers css
231 2982 1342 3098 u cesier.ef que moẏ aUant fait mo ens
230 3089 1340 3181 tre prinse.gr ant le cours iesuẏ eimer
223 3166 1345 3271 r.iẏ.et de gens signant noniOre quif
241 3242 1342 3363 ser aBien content Sure dist se mess a
225 3358 1344 3447 gier er op mal fuẏ sient a poinf que
234 3438 1337 3540 Senir sous nẏ pouez car u' en agraf
223 3516 1336 3621 afaire pour se present.Ilals puĩs
235 3607 1345 3727 quif ne peust estre qus trement faĩt
253 3702 1348 3813 Jesous remerqẏe de sosire soigouz
1433 370 2541 503 soir.ef cui conge de sofire ẏauste ml
1430 460 2526 573 iesfe se me de pars de ẏous.Et a ces
1433 555 2527 677 notz se Dẏeuafier et mess a "er s.i
1427 634 2529 769 duc sauar ẏseiz as aẏers se paẏe drcs
1432 732 2529 852 quif asne et copf a ses noimiesses ct se
1427 813 2534 933 pescsemēt duSoẏz pepiiz.Et qunt
1423 922 2526 1033 se duc Jeeust que senir ne fus pouoit
1430 1000 2534 1127 duropepin defe c ce fec ours morst
1424 1095 2530 1209 en fust despfais aufet dosent.Car se
1425 1177 2528 1286 " Sers cheuasier gr aus guerre suẏfai
1442 1271 2541 1392 oif.Et de crop pres sanoit ase ge
1431 1356 2530 1479 Et deuez scauoir qicesuẏ cheu as ier
1431 1451 2539 1566 Sersestoit feere de ferr agu se qe anf
1429 1556 2531 1657 qui fessissant sa damne faisoit garder
1439 1634 2543 1746 en sa ilaisoms aquesse estoit mere de
1432 1715 2539 1837 Nasentun es du sauuaige. Orson nt
1457 1830 2532 1925 ique sous quez deuant oẏdire ef de
1434 1890 2543 2014 csaicer.Or fut se duc sauar ẏdedens.
1439 1976 2547 2100 acqf aine moust peusesef dosent poire
1434 2067 2544 2183 se sers cheuasier qui fesse guerre sup
1450 2177 2546 2291 aisoif pour sa fisse.ILa fait cr ieref
1433 2246 2542 2362 conunl anDex que fous ceuss de so ost
1448 2338 2542 2456 oient eni point et en ariues et se sende
1426 2422 2548 2534 mai cui mafin is seustsaissir Poregs
1433 2521 2543 2642 confre sesers ch'euasier pour ses paē
1429 2618 2536 2735 ens cosafre.cascun se iuist en poinf
1426 2711 2543 2816 et firent deuoir deus par mer.ef qunf
1421 2800 2538 2903 se iour fut cler ses clarons et fropefs
1428 2896 2552 3011 fes somerent.es gens darmes defoit
1428 2964 2538 3085 fes pars. fanf de ple come de cseuaf
1437 3055 2538 3169 se sont ius achenun pour saissir sors
1429 3150 2534 3268 de fu ẏisse.gr it ẏaffe auoit se duc sas
1428 3232 2534 3368 uarpdusers cheuasie.lissaissir.mats
1422 3342 2532 3432 tef se cuite au iicer si auseqe fois fait
1444 3425 2530 3532 o domalge. ef qise cii prif au duc cos
1422 3501 2543 3635 is ser a oit.se duc sauarẏsaissĩt fore.
1416 3609 2525 3698 daqf aine ci gr auf topaignie.ef quif
1428 3696 2538 3831 is fut aus chaps if soma froppesfes
