<?xml version="1.0" encoding="UTF-8" standalone="yes"?>
<PcGts xmlns="http://schema.primaresearch.org/PAGE/gts/pagecontent/2013-07-15" xmlns:xsi="http://www.w3.org/2001/XMLSchema-instance" xsi:schemaLocation="http://schema.primaresearch.org/PAGE/gts/pagecontent/2013-07-15 http://schema.primaresearch.org/PAGE/gts/pagecontent/2013-07-15/pagecontent.xsd">
    <Metadata>
        <Creator>prov=University of Rostock/Institute of Mathematics/CITlab/Gundram Leifert/gundram.leifert@uni-rostock.de:name=Model_1_HTR(htr_id=14910)::::v=2.4.3
prov=University of Rostock/Institute of Mathematics/CITlab/Tobias Gruening/tobias.gruening@uni-rostock.de:name=de.uros.citlab.module.baseline2polygon.B2PSeamMultiOriented:v=2.4.3
prov=University of Rostock/Institute of Mathematics/CITlab/Gundram Leifert/gundram.leifert@uni-rostock.de:name=Model_1_HTR(htr_id=14910)::::v=2.4.3
prov=University of Rostock/Institute of Mathematics/CITlab/Tobias Gruening/tobias.gruening@uni-rostock.de:name=de.uros.citlab.module.baseline2polygon.B2PSeamMultiOriented:v=2.4.3
prov=University of Rostock/Institute of Mathematics/CITlab/Tobias Gruening/tobias.gruening@uni-rostock.de:name=/net_tf/LA73_249_0mod360.pb:de.uros.citlab.segmentation.CITlab_LA_ML:v=2.4.2
Transkribus</Creator>
        <Created>2019-11-18T14:35:06.193+01:00</Created>
        <LastChange>2019-11-18T15:08:58.050+01:00</LastChange>
        <TranskribusMetadata docId="254208" pageId="11126818" pageNr="3" tsid="19517981" status="IN_PROGRESS" userId="50849" imgUrl="https://files.transkribus.eu/Get?id=TESEIRKHBDSYGWRIDJOJQJAE&amp;fileType=view" xmlUrl="https://files.transkribus.eu/Get?id=JAVPMMGHGTRGAVUPCMODMHAT" imageId="7592418"/>
    </Metadata>
    <Page imageFilename="254208_0003_11126818.jpg" imageWidth="3288" imageHeight="4516">
        <ReadingOrder>
            <OrderedGroup id="ro_1633103351666" caption="Regions reading order">
                <RegionRefIndexed index="0" regionRef="r1"/>
                <RegionRefIndexed index="1" regionRef="r2"/>
                <RegionRefIndexed index="2" regionRef="r3"/>
            </OrderedGroup>
        </ReadingOrder>
        <TextRegion orientation="0.0" id="r1" custom="readingOrder {index:0;}">
            <Coords points="109,3675 109,3827 153,3827 153,3675"/>
            <TextLine id="r1l1" custom="readingOrder {index:0;}">
                <Coords points="103,3787 121,3789 134,3777 160,3773 157,3708 150,3708 146,3713 139,3712 133,3715 123,3708 116,3711 106,3705 99,3705"/>
                <Baseline points="109,3777 153,3775"/>
                <TextEquiv>
                    <Unicode>s</Unicode>
                </TextEquiv>
            </TextLine>
            <TextEquiv>
                <Unicode>s</Unicode>
            </TextEquiv>
        </TextRegion>
        <TextRegion orientation="0.0" id="r2" custom="readingOrder {index:1;}">
            <Coords points="244,385 244,3785 1376,3785 1376,385"/>
            <TextLine id="r2l1" custom="readingOrder {index:0;}">
                <Coords points="247,451 398,482 459,450 678,475 757,436 873,467 1378,428 1377,368 1333,352 246,383"/>
                <Baseline points="254,438 309,436 365,434 421,432 477,431 533,430 588,430 644,429 700,429 756,429 812,429 867,429 923,430 979,430 1035,430 1091,430 1146,430 1202,430 1258,429 1314,429 1370,428"/>
                <TextEquiv>
                    <Unicode>mos fa fisse sezone aseinme et fa sie</Unicode>
                </TextEquiv>
            </TextLine>
            <TextLine id="r2l2" custom="readingOrder {index:1;}">
                <Coords points="254,531 352,557 979,524 1039,560 1095,525 1377,513 1376,467 1215,476 1177,439 923,479 254,459"/>
                <Baseline points="261,526 316,525 371,525 427,524 482,524 538,524 593,523 649,522 704,522 760,521 815,521 870,521 926,520 981,520 1037,519 1092,519 1148,519 1203,518 1259,518 1314,518 1370,518"/>
                <TextEquiv>
                    <Unicode>fe sauuer as et sa meneraẏ ensa sers</Unicode>
                </TextEquiv>
            </TextLine>
            <TextLine id="r2l3" custom="readingOrder {index:2;}">
                <Coords points="263,615 581,648 690,617 749,648 800,614 1181,641 1383,606 1368,549 1197,567 1156,534 716,575 262,545"/>
                <Baseline points="270,613 325,613 380,613 435,613 491,613 546,613 601,613 657,612 712,612 767,612 823,611 878,611 933,610 988,610 1044,609 1099,609 1154,608 1210,608 1265,607 1320,607 1376,606"/>
                <TextEquiv>
                    <Unicode>de nonf aiꝯne ou moust richement</Unicode>
                </TextEquiv>
            </TextLine>
            <TextLine id="r2l4" custom="readingOrder {index:3;}">
                <Coords points="259,731 1365,712 1373,634 257,655"/>
                <Baseline points="266,718 321,715 376,712 431,709 486,707 541,705 596,704 651,703 706,702 761,701 816,701 871,700 926,700 981,700 1036,700 1091,699 1146,699 1201,699 1256,698 1311,697 1366,696"/>
                <TextEquiv>
                    <Unicode>cour oier se ferciẏ.Sarr asin dit se</Unicode>
                </TextEquiv>
            </TextLine>
            <TextLine id="r2l5" custom="readingOrder {index:4;}">
                <Coords points="265,827 562,797 675,842 738,804 1196,786 1282,823 1384,789 1383,746 1293,704 1086,744 946,709 772,752 551,717 330,761 263,734"/>
                <Baseline points="271,808 326,805 381,803 436,801 492,798 547,797 602,796 657,794 713,793 768,793 823,792 878,791 934,791 989,791 1044,790 1099,790 1155,790 1210,789 1265,789 1320,788 1376,787"/>
                <TextEquiv>
                    <Unicode>duc se fe dir aẏ masousente.Saches</Unicode>
                </TextEquiv>
            </TextLine>
            <TextLine id="r2l6" custom="readingOrder {index:5;}">
                <Coords points="267,923 1378,888 1377,826 1251,805 1135,842 664,842 579,804 266,850"/>
                <Baseline points="274,896 328,894 383,891 438,889 493,888 548,886 603,884 657,883 712,882 767,881 822,880 877,880 932,880 987,879 1041,879 1096,879 1151,879 1206,879 1261,880 1316,880 1371,880"/>
                <TextEquiv>
                    <Unicode>que ma fisse ianiais fu naur as se sa</Unicode>
                </TextEquiv>
            </TextLine>
            <TextLine id="r2l7" custom="readingOrder {index:6;}">
                <Coords points="258,1027 314,990 779,1001 869,971 948,1007 1176,969 1266,999 1377,968 1376,916 1193,890 1144,926 898,907 852,940 717,899 256,924"/>
                <Baseline points="264,990 319,987 374,983 429,981 485,978 540,977 595,975 651,974 706,973 761,972 817,971 872,971 927,970 982,969 1038,969 1093,969 1148,968 1204,967 1259,967 1314,966 1370,964"/>
                <TextEquiv>
                    <Unicode>ptiser fu ne fe fais.ef que de ihesus</Unicode>
                </TextEquiv>
            </TextLine>
            <TextLine id="r2l8" custom="readingOrder {index:7;}">
                <Coords points="257,1113 782,1062 844,1093 1171,1054 1380,1086 1378,1002 1190,1020 1144,979 1052,1025 612,987 256,1027"/>
                <Baseline points="264,1078 319,1075 374,1072 430,1070 485,1067 541,1066 596,1065 651,1064 707,1063 762,1062 818,1061 873,1061 928,1060 984,1060 1039,1060 1095,1059 1150,1059 1205,1058 1261,1057 1316,1056 1372,1055"/>
                <TextEquiv>
                    <Unicode>piengneLa foẏet creance.Sauarẏ</Unicode>
                </TextEquiv>
            </TextLine>
            <TextLine id="r2l9" custom="readingOrder {index:8;}">
                <Coords points="248,1166 811,1152 1052,1193 1375,1144 1350,1089 1209,1107 1158,1067 803,1110 711,1076 393,1118 346,1088 248,1121"/>
                <Baseline points="256,1164 311,1162 367,1160 422,1158 478,1157 534,1155 589,1154 645,1153 700,1152 756,1152 812,1151 867,1150 923,1150 978,1150 1034,1149 1090,1149 1145,1148 1201,1148 1256,1147 1312,1146 1368,1146"/>
                <TextEquiv>
                    <Unicode>ce dit se cheu asier de lesfecsose ne me</Unicode>
                </TextEquiv>
            </TextLine>
            <TextLine id="r2l10" custom="readingOrder {index:9;}">
                <Coords points="262,1288 435,1247 901,1280 1070,1233 1380,1232 1379,1172 1328,1164 1166,1198 1090,1169 822,1195 758,1157 672,1198 261,1192"/>
                <Baseline points="268,1256 323,1254 378,1252 433,1250 488,1248 544,1247 599,1245 654,1244 709,1243 764,1242 820,1241 875,1240 930,1240 985,1239 1040,1239 1096,1238 1151,1238 1206,1238 1261,1238 1316,1238 1372,1238"/>
                <TextEquiv>
                    <Unicode>parse iamais.Mar ia iour de mas ie</Unicode>
                </TextEquiv>
            </TextLine>
            <TextLine id="r2l11" custom="readingOrder {index:10;}">
                <Coords points="249,1341 315,1369 764,1329 877,1366 926,1334 969,1369 1268,1327 1375,1359 1374,1270 1328,1241 1220,1275 1084,1243 1021,1289 480,1261 416,1300 249,1292"/>
                <Baseline points="257,1343 312,1341 368,1339 423,1337 479,1335 534,1334 590,1333 645,1332 701,1331 756,1330 812,1329 868,1329 923,1329 979,1328 1034,1328 1090,1328 1145,1328 1201,1327 1256,1327 1312,1327 1368,1327"/>
                <TextEquiv>
                    <Unicode>en fon dieu se ne cr oprciẏ.Et si tesẏ</Unicode>
                </TextEquiv>
            </TextLine>
            <TextLine id="r2l12" custom="readingOrder {index:11;}">
                <Coords points="267,1469 836,1417 1102,1420 1176,1457 1225,1421 1369,1427 1368,1362 760,1343 691,1381 265,1376"/>
                <Baseline points="273,1434 327,1432 381,1430 436,1428 490,1426 545,1424 599,1423 654,1421 708,1420 763,1419 817,1418 871,1417 926,1416 980,1416 1035,1415 1089,1415 1144,1416 1198,1416 1253,1417 1307,1418 1362,1419"/>
                <TextEquiv>
                    <Unicode>puis qmons conse is tu ne seusp cr oiz</Unicode>
                </TextEquiv>
            </TextLine>
            <TextLine id="r2l13" custom="readingOrder {index:12;}">
                <Coords points="249,1531 1269,1529 1375,1515 1375,1463 1122,1467 967,1420 805,1466 248,1474"/>
                <Baseline points="256,1526 311,1523 367,1520 422,1517 478,1515 534,1513 589,1512 645,1511 700,1509 756,1509 812,1508 867,1508 923,1507 978,1507 1034,1507 1090,1507 1145,1508 1201,1508 1256,1508 1312,1509 1368,1509"/>
                <TextEquiv>
                    <Unicode>re se fe feraẏ  mourir ef definer fasle</Unicode>
                </TextEquiv>
            </TextLine>
            <TextLine id="r2l14" custom="readingOrder {index:13;}">
                <Coords points="261,1627 676,1601 823,1634 967,1601 1027,1643 1103,1602 1349,1608 1381,1544 808,1549 767,1519 575,1564 260,1548"/>
                <Baseline points="268,1614 323,1612 378,1609 433,1607 489,1605 544,1604 599,1603 655,1601 710,1601 765,1600 821,1599 876,1598 931,1598 986,1598 1042,1598 1097,1598 1152,1598 1208,1598 1263,1598 1318,1598 1374,1599"/>
                <TextEquiv>
                    <Unicode>Gissamemnent.Et si feraẏ acquit als</Unicode>
                </TextEquiv>
            </TextLine>
            <TextLine id="r2l15" custom="readingOrder {index:14;}">
                <Coords points="260,1716 1367,1701 1366,1635 1300,1617 1159,1650 705,1615 259,1638"/>
                <Baseline points="266,1706 320,1703 375,1700 430,1697 484,1695 539,1693 594,1691 648,1690 703,1689 758,1689 813,1688 867,1688 922,1688 977,1688 1031,1688 1086,1688 1141,1688 1195,1689 1250,1689 1305,1689 1360,1689"/>
                <TextEquiv>
                    <Unicode>ne ar doir orusser ef nieffre a epecus</Unicode>
                </TextEquiv>
            </TextLine>
            <TextLine id="r2l16" custom="readingOrder {index:15;}">
                <Coords points="280,1802 1372,1793 1371,1734 1128,1711 280,1743"/>
                <Baseline points="288,1794 341,1792 395,1790 449,1788 503,1786 557,1785 610,1783 664,1782 718,1781 772,1779 826,1779 879,1778 933,1777 987,1777 1041,1777 1095,1777 1148,1778 1202,1779 1256,1780 1310,1781 1364,1783"/>
                <TextEquiv>
                    <Unicode>ion ef fous ses siommes ef femnies</Unicode>
                </TextEquiv>
            </TextLine>
            <TextLine id="r2l17" custom="readingOrder {index:16;}">
                <Coords points="253,1893 1376,1884 1375,1817 1253,1805 252,1819"/>
                <Baseline points="260,1887 315,1883 370,1881 426,1878 481,1876 537,1873 592,1871 647,1870 703,1868 758,1867 814,1866 869,1866 924,1866 980,1866 1035,1867 1091,1867 1146,1869 1201,1870 1257,1872 1312,1874 1368,1877"/>
                <TextEquiv>
                    <Unicode>ef pefis ensans feraẏ fous meffre ci</Unicode>
                </TextEquiv>
            </TextLine>
            <TextLine id="r2l18" custom="readingOrder {index:17;}">
                <Coords points="257,1985 455,1968 503,2003 735,1962 841,1992 934,1957 1077,1999 1139,1957 1374,1963 1342,1898 1130,1880 983,1918 831,1885 256,1911"/>
                <Baseline points="264,1973 319,1971 374,1968 429,1967 484,1965 539,1963 594,1961 649,1960 704,1959 759,1958 815,1957 870,1957 925,1957 980,1956 1035,1956 1090,1956 1145,1957 1200,1957 1255,1958 1310,1959 1366,1960"/>
                <TextEquiv>
                    <Unicode>mort.Paheiz dist" sauarẏ dieu me</Unicode>
                </TextEquiv>
            </TextLine>
            <TextLine id="r2l19" custom="readingOrder {index:18;}">
                <Coords points="255,2082 1375,2063 1374,1998 1302,1980 689,2004 616,1964 520,2017 420,1975 338,2012 254,1985"/>
                <Baseline points="262,2062 317,2060 372,2057 427,2056 483,2054 538,2052 593,2051 648,2050 704,2049 759,2048 814,2048 869,2047 925,2047 980,2047 1035,2047 1090,2047 1146,2048 1201,2049 1256,2049 1311,2051 1367,2051"/>
                <TextEquiv>
                    <Unicode>Geusse par sa gr ace confre foẏ ne fa</Unicode>
                </TextEquiv>
            </TextLine>
            <TextLine id="r2l20" custom="readingOrder {index:19;}">
                <Coords points="242,2168 1050,2124 1141,2163 1376,2145 1375,2093 1158,2051 982,2090 712,2063 442,2101 375,2066 241,2097"/>
                <Baseline points="249,2152 307,2150 366,2149 425,2147 484,2145 543,2143 602,2141 661,2140 720,2139 779,2137 837,2137 896,2136 955,2136 1014,2136 1073,2136 1132,2137 1191,2138 1250,2140 1309,2142 1368,2145"/>
                <TextEquiv>
                    <Unicode>masse et cruesse sousense deffendie</Unicode>
                </TextEquiv>
            </TextLine>
            <TextLine id="r2l21" custom="readingOrder {index:20;}">
                <Coords points="237,2249 307,2277 441,2235 847,2227 931,2268 974,2232 1138,2261 1203,2221 1381,2231 1352,2172 1133,2155 237,2186"/>
                <Baseline points="244,2243 300,2241 357,2239 413,2237 470,2235 526,2233 583,2231 639,2229 696,2228 752,2227 809,2226 865,2225 922,2224 978,2224 1035,2224 1091,2224 1148,2225 1204,2226 1261,2227 1317,2229 1374,2231"/>
                <TextEquiv>
                    <Unicode>es garder.Qar enfup ie me fie et en</Unicode>
                </TextEquiv>
            </TextLine>
            <TextLine id="r2l22" custom="readingOrder {index:21;}">
                <Coords points="248,2339 327,2366 772,2348 816,2315 979,2349 1362,2335 1361,2261 1287,2241 1228,2279 991,2241 721,2278 247,2254"/>
                <Baseline points="254,2331 309,2328 364,2327 419,2325 474,2323 529,2323 584,2321 639,2321 694,2320 749,2319 804,2319 859,2319 914,2319 969,2319 1024,2319 1079,2319 1134,2319 1189,2319 1244,2319 1299,2320 1354,2320"/>
                <TextEquiv>
                    <Unicode>fupest foufe ma seuse esperance.Lo</Unicode>
                </TextEquiv>
            </TextLine>
            <TextLine id="r2l23" custom="readingOrder {index:22;}">
                <Coords points="242,2447 750,2407 874,2444 1124,2407 1360,2441 1376,2351 628,2366 559,2335 241,2372"/>
                <Baseline points="249,2423 305,2420 361,2417 417,2415 473,2413 529,2411 585,2410 641,2409 697,2408 753,2407 809,2407 865,2407 921,2407 977,2407 1033,2408 1089,2408 1145,2409 1201,2409 1257,2410 1313,2410 1369,2411"/>
                <TextEquiv>
                    <Unicode>guement furent en parfant de cesfe</Unicode>
                </TextEquiv>
            </TextLine>
            <TextLine id="r2l24" custom="readingOrder {index:23;}">
                <Coords points="246,2519 1369,2505 1368,2441 1322,2422 1025,2455 507,2424 246,2461"/>
                <Baseline points="253,2507 308,2506 363,2505 419,2504 474,2502 530,2501 585,2500 641,2499 696,2498 752,2497 807,2496 862,2496 918,2496 973,2496 1029,2496 1084,2496 1140,2497 1195,2498 1251,2499 1306,2501 1362,2504"/>
                <TextEquiv>
                    <Unicode>niafiere sefers cẏeu asier et se ducsa</Unicode>
                </TextEquiv>
            </TextLine>
            <TextLine id="r2l25" custom="readingOrder {index:24;}">
                <Coords points="248,2600 379,2595 453,2640 693,2586 1335,2602 1363,2542 1097,2519 995,2548 866,2506 695,2547 640,2517 577,2550 424,2520 247,2545"/>
                <Baseline points="254,2599 309,2596 364,2595 419,2593 474,2592 529,2591 584,2589 639,2589 694,2588 749,2588 805,2587 860,2587 915,2587 970,2587 1025,2587 1080,2588 1135,2588 1190,2589 1245,2590 1300,2591 1356,2592"/>
                <TextEquiv>
                    <Unicode>ucr ẏqui endieu recsamat du cueur</Unicode>
                </TextEquiv>
            </TextLine>
            <TextLine id="r2l26" custom="readingOrder {index:25;}">
                <Coords points="265,2717 919,2673 1175,2703 1265,2674 1328,2718 1363,2705 1363,2612 1089,2630 977,2594 906,2637 657,2602 563,2640 264,2613"/>
                <Baseline points="272,2687 326,2686 380,2685 434,2684 488,2683 543,2681 597,2680 651,2679 705,2678 759,2677 814,2677 868,2676 922,2676 976,2676 1030,2677 1085,2677 1139,2678 1193,2679 1247,2681 1301,2683 1356,2686"/>
                <TextEquiv>
                    <Unicode>souspire tendrement.Et se sers che</Unicode>
                </TextEquiv>
            </TextLine>
            <TextLine id="r2l27" custom="readingOrder {index:26;}">
                <Coords points="247,2792 1359,2790 1358,2718 1295,2693 1008,2726 855,2687 654,2728 472,2692 247,2714"/>
                <Baseline points="254,2775 308,2775 363,2774 418,2773 473,2772 528,2772 583,2771 638,2770 693,2770 748,2769 803,2769 857,2768 912,2768 967,2768 1022,2769 1077,2769 1132,2770 1187,2771 1242,2772 1297,2773 1352,2775"/>
                <TextEquiv>
                    <Unicode>u asier se regarde.Et quant is aseĩt</Unicode>
                </TextEquiv>
            </TextLine>
            <TextLine id="r2l28" custom="readingOrder {index:27;}">
                <Coords points="242,2870 341,2900 992,2858 1042,2890 1084,2863 1351,2892 1360,2800 555,2794 510,2824 241,2788"/>
                <Baseline points="249,2866 304,2866 359,2865 414,2864 469,2863 525,2863 580,2862 635,2861 690,2860 745,2860 801,2859 856,2859 911,2859 966,2859 1021,2859 1077,2859 1132,2860 1187,2860 1242,2862 1297,2863 1353,2865"/>
                <TextEquiv>
                    <Unicode>ses gr ans samenf afions qui faisoit</Unicode>
                </TextEquiv>
            </TextLine>
            <TextLine id="r2l29" custom="readingOrder {index:28;}">
                <Coords points="245,2961 584,2989 792,2946 915,2975 1274,2950 1359,2988 1358,2903 1278,2874 244,2904"/>
                <Baseline points="252,2954 307,2953 362,2952 417,2952 472,2951 527,2951 582,2950 637,2950 692,2950 747,2949 802,2949 857,2949 912,2949 967,2949 1022,2948 1077,2948 1132,2949 1187,2949 1242,2949 1297,2949 1352,2950"/>
                <TextEquiv>
                    <Unicode>ef piteus pseurs qui geft oif.iē fur</Unicode>
                </TextEquiv>
            </TextLine>
            <TextLine id="r2l30" custom="readingOrder {index:29;}">
                <Coords points="248,3052 474,3080 844,3042 939,3085 1312,3058 1362,3042 1362,2984 1256,2994 1168,2951 1106,2982 844,2958 248,2995"/>
                <Baseline points="255,3045 310,3044 365,3043 420,3041 475,3041 530,3040 585,3039 640,3039 695,3038 750,3038 805,3038 860,3038 915,3038 970,3039 1025,3039 1080,3039 1135,3040 1190,3041 1245,3042 1300,3043 1355,3043"/>
                <TextEquiv>
                    <Unicode>ci dist." Eranc duc desaissez se pfourer</Unicode>
                </TextEquiv>
            </TextLine>
            <TextLine id="r2l31" custom="readingOrder {index:30;}">
                <Coords points="243,3132 798,3166 868,3135 1360,3138 1360,3073 1187,3057 1032,3097 764,3047 687,3087 589,3052 244,3073"/>
                <Baseline points="251,3131 306,3131 361,3130 416,3130 471,3130 526,3130 581,3129 636,3129 691,3129 746,3129 802,3129 857,3129 912,3129 967,3129 1022,3129 1077,3130 1132,3131 1187,3132 1242,3133 1297,3134 1353,3136"/>
                <TextEquiv>
                    <Unicode>Mar fant suis esprins ef ardament</Unicode>
                </TextEquiv>
            </TextLine>
            <TextLine id="r2l32" custom="readingOrder {index:31;}">
                <Coords points="246,3235 832,3213 1335,3251 1346,3149 1234,3139 1138,3186 874,3135 811,3172 471,3145 435,3176 370,3142 246,3170"/>
                <Baseline points="253,3223 307,3222 361,3221 415,3220 470,3219 524,3218 578,3218 633,3218 687,3217 741,3217 796,3217 850,3217 904,3218 958,3218 1013,3219 1067,3220 1121,3221 1176,3222 1230,3223 1284,3225 1339,3226"/>
                <TextEquiv>
                    <Unicode>emBrase de samour de soffre fisse q</Unicode>
                </TextEquiv>
            </TextLine>
            <TextLine id="r2l33" custom="readingOrder {index:32;}">
                <Coords points="247,3349 580,3306 950,3314 994,3358 1062,3307 1363,3325 1363,3260 1145,3237 247,3257"/>
                <Baseline points="255,3316 310,3313 365,3311 420,3310 475,3308 530,3307 585,3306 640,3306 695,3306 750,3307 805,3307 860,3308 915,3308 970,3309 1025,3310 1080,3311 1135,3312 1190,3313 1245,3313 1300,3314 1356,3314"/>
                <TextEquiv>
                    <Unicode>pour samour desse se naẏsousoit ne</Unicode>
                </TextEquiv>
            </TextLine>
            <TextLine id="r2l34" custom="readingOrder {index:33;}">
                <Coords points="249,3403 452,3439 540,3399 751,3422 845,3390 1343,3429 1343,3338 1267,3324 1189,3359 885,3319 833,3349 764,3318 249,3348"/>
                <Baseline points="256,3401 310,3400 364,3399 418,3399 472,3398 526,3398 580,3398 634,3397 688,3397 742,3397 796,3397 850,3397 904,3398 958,3398 1012,3398 1066,3399 1120,3399 1174,3400 1228,3400 1282,3401 1336,3402"/>
                <TextEquiv>
                    <Unicode>cour age des o'offer fa sie.niais suis</Unicode>
                </TextEquiv>
            </TextLine>
            <TextLine id="r2l35" custom="readingOrder {index:34;}">
                <Coords points="256,3509 890,3484 1242,3526 1358,3492 1358,3442 1247,3429 1002,3446 878,3411 738,3442 656,3406 408,3451 256,3422"/>
                <Baseline points="263,3493 317,3492 371,3491 426,3490 480,3489 535,3488 589,3488 643,3487 698,3487 752,3487 807,3487 861,3487 915,3487 970,3487 1024,3488 1079,3489 1133,3489 1187,3490 1242,3492 1296,3493 1351,3495"/>
                <TextEquiv>
                    <Unicode>du tfout desigere de domer coge par</Unicode>
                </TextEquiv>
            </TextLine>
            <TextLine id="r2l36" custom="readingOrder {index:35;}">
                <Coords points="254,3594 841,3606 981,3572 1152,3616 1360,3588 1360,3542 1309,3516 1173,3535 879,3493 791,3529 388,3540 254,3509"/>
                <Baseline points="261,3584 315,3582 370,3581 424,3579 479,3578 533,3577 588,3576 642,3576 697,3576 751,3575 806,3575 861,3576 915,3576 970,3576 1024,3577 1079,3578 1133,3579 1188,3579 1242,3580 1297,3581 1352,3582"/>
                <TextEquiv>
                    <Unicode>fes conuenanf que se dedes si mois</Unicode>
                </TextEquiv>
            </TextLine>
            <TextLine id="r2l37" custom="readingOrder {index:36;}">
                <Coords points="244,3685 623,3668 750,3712 793,3673 1148,3669 1234,3703 1365,3670 1341,3614 1186,3600 384,3631 244,3597"/>
                <Baseline points="251,3670 306,3669 361,3669 417,3668 472,3668 527,3667 583,3667 638,3667 693,3667 749,3667 804,3667 859,3667 915,3667 970,3668 1025,3668 1081,3668 1136,3669 1191,3669 1247,3670 1302,3670 1358,3671"/>
                <TextEquiv>
                    <Unicode>Pous mamentez cheuafier qui pour</Unicode>
                </TextEquiv>
            </TextLine>
            <TextLine id="r2l38" custom="readingOrder {index:37;}">
                <Coords points="254,3805 667,3760 865,3809 943,3810 999,3761 1073,3792 1358,3775 1358,3715 1060,3682 916,3716 596,3680 254,3706"/>
                <Baseline points="261,3761 315,3761 370,3760 424,3760 479,3760 533,3759 588,3759 642,3759 697,3759 751,3759 806,3759 860,3759 915,3759 969,3759 1024,3760 1078,3760 1133,3761 1187,3761 1242,3762 1296,3763 1351,3764"/>
                <TextEquiv>
                    <Unicode>puissance darmes me puisse conque</Unicode>
                </TextEquiv>
            </TextLine>
            <TextEquiv>
                <Unicode>mos fa fisse sezone aseinme et fa sie
fe sauuer as et sa meneraẏ ensa sers
de nonf aiꝯne ou moust richement
cour oier se ferciẏ.Sarr asin dit se
duc se fe dir aẏ masousente.Saches
que ma fisse ianiais fu naur as se sa
ptiser fu ne fe fais.ef que de ihesus
piengneLa foẏet creance.Sauarẏ
ce dit se cheu asier de lesfecsose ne me
parse iamais.Mar ia iour de mas ie
en fon dieu se ne cr oprciẏ.Et si tesẏ
puis qmons conse is tu ne seusp cr oiz
re se fe feraẏ  mourir ef definer fasle
Gissamemnent.Et si feraẏ acquit als
ne ar doir orusser ef nieffre a epecus
ion ef fous ses siommes ef femnies
ef pefis ensans feraẏ fous meffre ci
mort.Paheiz dist" sauarẏ dieu me
Geusse par sa gr ace confre foẏ ne fa
masse et cruesse sousense deffendie
es garder.Qar enfup ie me fie et en
fupest foufe ma seuse esperance.Lo
guement furent en parfant de cesfe
niafiere sefers cẏeu asier et se ducsa
ucr ẏqui endieu recsamat du cueur
souspire tendrement.Et se sers che
u asier se regarde.Et quant is aseĩt
ses gr ans samenf afions qui faisoit
ef piteus pseurs qui geft oif.iē fur
ci dist." Eranc duc desaissez se pfourer
Mar fant suis esprins ef ardament
emBrase de samour de soffre fisse q
pour samour desse se naẏsousoit ne
cour age des o'offer fa sie.niais suis
du tfout desigere de domer coge par
fes conuenanf que se dedes si mois
Pous mamentez cheuafier qui pour
puissance darmes me puisse conque</Unicode>
            </TextEquiv>
        </TextRegion>
        <TextRegion orientation="0.0" id="r3" custom="readingOrder {index:2;}">
            <Coords points="1451,385 1451,3799 2581,3799 2581,385"/>
            <TextLine id="r3l1" custom="readingOrder {index:0;}">
                <Coords points="1460,435 1792,462 1881,434 2017,470 2188,440 2274,484 2346,444 2588,435 2588,384 2386,370 1977,391 1856,351 1744,383 1675,344 1460,372"/>
                <Baseline points="1467,428 1522,429 1578,430 1634,431 1689,432 1745,433 1801,434 1856,434 1912,435 1968,436 2024,437 2079,437 2135,437 2191,437 2246,437 2302,437 2358,436 2413,435 2469,434 2525,433 2581,430"/>
                <TextEquiv>
                    <Unicode>rir soffre sisse ie quiffercẏ ef cii mio</Unicode>
                </TextEquiv>
            </TextLine>
            <TextLine id="r3l2" custom="readingOrder {index:1;}">
                <Coords points="1472,565 1626,516 1808,555 2020,522 2208,564 2333,525 2522,543 2577,532 2578,473 2537,443 2277,487 1472,464"/>
                <Baseline points="1479,520 1533,521 1588,521 1642,522 1697,523 1752,524 1806,525 1861,525 1915,526 1970,527 2025,527 2079,528 2134,528 2188,528 2243,528 2298,528 2352,527 2407,527 2461,526 2516,524 2571,523"/>
                <TextEquiv>
                    <Unicode>paẏs ie nei refourner cẏ auec touse</Unicode>
                </TextEquiv>
            </TextLine>
            <TextLine id="r3l3" custom="readingOrder {index:2;}">
                <Coords points="1460,615 1840,646 1976,603 2010,633 2577,626 2577,561 2381,537 2126,577 2025,538 1962,575 1851,540 1818,570 1461,567"/>
                <Baseline points="1467,606 1522,608 1577,609 1632,610 1687,611 1742,613 1797,614 1853,614 1908,615 1963,616 2018,616 2073,616 2128,616 2183,616 2239,616 2294,616 2349,615 2404,614 2459,613 2514,612 2570,611"/>
                <TextEquiv>
                    <Unicode>mon ariiee sans de rieus sosfre fers</Unicode>
                </TextEquiv>
            </TextLine>
            <TextLine id="r3l4" custom="readingOrder {index:3;}">
                <Coords points="1456,695 1621,749 1798,702 2358,736 2578,707 2579,647 2387,624 2337,655 2244,619 2143,657 1937,622 1877,663 1723,625 1671,662 1531,624 1456,650"/>
                <Baseline points="1463,697 1518,698 1573,699 1629,700 1684,701 1740,702 1795,703 1851,704 1906,704 1962,705 2017,705 2072,705 2128,705 2183,705 2239,705 2294,705 2350,704 2405,704 2461,703 2516,702 2572,701"/>
                <TextEquiv>
                    <Unicode>re deg asferne deffruire.Etsil auis</Unicode>
                </TextEquiv>
            </TextLine>
            <TextLine id="r3l5" custom="readingOrder {index:4;}">
                <Coords points="1464,787 1604,819 2458,820 2578,799 2579,733 2362,741 2329,711 2218,750 2050,707 1899,757 1810,714 1465,739"/>
                <Baseline points="1472,785 1529,788 1587,790 1645,792 1703,793 1761,795 1819,796 1876,797 1934,797 1992,798 2050,798 2108,798 2166,797 2223,797 2281,797 2339,796 2397,796 2455,795 2513,794 2571,794"/>
                <TextEquiv>
                    <Unicode>enf quie deGens se dit ferme se ne soẏe</Unicode>
                </TextEquiv>
            </TextLine>
            <TextLine id="r3l6" custom="readingOrder {index:5;}">
                <Coords points="1466,882 2012,887 2060,919 2247,887 2343,926 2416,885 2579,889 2579,839 2484,803 2176,841 2101,806 1735,846 1467,817"/>
                <Baseline points="1474,876 1528,878 1583,879 1638,881 1693,882 1748,883 1803,884 1858,885 1913,886 1968,886 2023,887 2077,887 2132,887 2187,887 2242,886 2297,886 2352,885 2407,884 2462,884 2517,882 2572,881"/>
                <TextEquiv>
                    <Unicode>conquis efsaincu Je aur cs sosfre</Unicode>
                </TextEquiv>
            </TextLine>
            <TextLine id="r3l7" custom="readingOrder {index:6;}">
                <Coords points="1478,998 1562,970 1792,1012 2076,969 2147,1009 2198,978 2570,986 2570,928 2511,922 2318,932 2263,900 2201,934 2133,899 1659,931 1479,887"/>
                <Baseline points="1485,964 1538,966 1592,968 1646,970 1700,971 1754,973 1808,974 1862,975 1916,976 1970,977 2024,977 2077,977 2131,977 2185,977 2239,977 2293,976 2347,976 2401,975 2455,974 2509,972 2563,970"/>
                <TextEquiv>
                    <Unicode>fisse pour fe mine ef espouse efen mo</Unicode>
                </TextEquiv>
            </TextLine>
            <TextLine id="r3l8" custom="readingOrder {index:7;}">
                <Coords points="1465,1100 1602,1106 1682,1066 1971,1101 2092,1067 2227,1097 2582,1068 2567,1007 2301,977 2182,1018 1466,1008"/>
                <Baseline points="1472,1055 1527,1058 1582,1060 1637,1062 1692,1063 1747,1064 1802,1065 1858,1066 1913,1066 1968,1066 2023,1066 2078,1066 2133,1066 2188,1065 2244,1065 2299,1064 2354,1063 2409,1063 2464,1062 2519,1061 2575,1060"/>
                <TextEquiv>
                    <Unicode>paẏs sans ausfre guserre fairc sa mes</Unicode>
                </TextEquiv>
            </TextLine>
            <TextLine id="r3l9" custom="readingOrder {index:8;}">
                <Coords points="1456,1165 1548,1153 1637,1196 1696,1161 2013,1186 2320,1157 2475,1190 2578,1158 2579,1093 1456,1097"/>
                <Baseline points="1463,1146 1518,1148 1573,1149 1629,1151 1684,1153 1740,1154 1795,1155 1850,1156 1906,1156 1961,1157 2017,1157 2072,1157 2127,1157 2183,1157 2238,1157 2294,1157 2349,1156 2404,1155 2460,1154 2515,1153 2571,1152"/>
                <TextEquiv>
                    <Unicode>neraẏPour tant firenf enfreeuspfa</Unicode>
                </TextEquiv>
            </TextLine>
            <TextLine id="r3l10" custom="readingOrder {index:9;}">
                <Coords points="1468,1270 2071,1243 2160,1281 2255,1244 2356,1281 2571,1251 2572,1170 2463,1200 2316,1159 2249,1193 1877,1161 1469,1186"/>
                <Baseline points="1475,1237 1529,1238 1583,1239 1638,1240 1692,1241 1747,1242 1801,1243 1856,1244 1910,1244 1965,1245 2019,1245 2073,1246 2128,1246 2182,1246 2237,1246 2291,1246 2346,1245 2400,1244 2455,1243 2509,1242 2564,1240"/>
                <TextEquiv>
                    <Unicode>pais et ses sriesues crẏer sespace de</Unicode>
                </TextEquiv>
            </TextLine>
            <TextLine id="r3l11" custom="readingOrder {index:10;}">
                <Coords points="1478,1364 1605,1334 1936,1369 2125,1334 2216,1373 2575,1353 2575,1279 2503,1261 2438,1292 2389,1255 2333,1295 2092,1258 1899,1297 1810,1254 1748,1292 1478,1258"/>
                <Baseline points="1485,1326 1539,1329 1593,1330 1647,1332 1701,1333 1755,1334 1809,1335 1864,1336 1918,1336 1972,1337 2026,1337 2080,1337 2134,1337 2188,1336 2243,1336 2297,1336 2351,1335 2405,1334 2459,1334 2513,1333 2568,1332"/>
                <TextEquiv>
                    <Unicode>sip miois. "Et apres se crẏ fait se cses</Unicode>
                </TextEquiv>
            </TextLine>
            <TextLine id="r3l12" custom="readingOrder {index:11;}">
                <Coords points="1466,1434 1830,1419 2162,1458 2228,1419 2379,1421 2499,1454 2585,1442 2586,1374 2507,1348 2430,1389 2365,1354 1956,1385 1575,1342 1466,1369"/>
                <Baseline points="1472,1415 1527,1417 1582,1419 1637,1420 1693,1421 1748,1422 1803,1424 1859,1425 1914,1425 1969,1426 2025,1426 2080,1427 2135,1427 2190,1427 2246,1426 2301,1426 2356,1425 2412,1424 2467,1423 2522,1422 2578,1421"/>
                <TextEquiv>
                    <Unicode>u asier sers doima conge au duc sas</Unicode>
                </TextEquiv>
            </TextLine>
            <TextLine id="r3l13" custom="readingOrder {index:12;}">
                <Coords points="1465,1506 1609,1547 1694,1516 1912,1551 2011,1514 2064,1551 2157,1522 2387,1553 2576,1526 2577,1471 2393,1465 2324,1425 1982,1471 1466,1434"/>
                <Baseline points="1473,1504 1527,1506 1582,1508 1637,1510 1692,1511 1747,1513 1802,1514 1856,1515 1911,1515 1966,1516 2021,1516 2076,1516 2131,1516 2186,1516 2240,1515 2295,1515 2350,1515 2405,1514 2460,1514 2515,1513 2570,1513"/>
                <TextEquiv>
                    <Unicode>uar ẏsur sa foẏde iesucrist fuz iur a</Unicode>
                </TextEquiv>
            </TextLine>
            <TextLine id="r3l14" custom="readingOrder {index:13;}">
                <Coords points="1460,1623 2289,1607 2423,1636 2488,1608 2576,1641 2576,1551 2516,1523 2213,1567 1461,1527"/>
                <Baseline points="1468,1597 1523,1598 1578,1599 1633,1600 1688,1601 1743,1603 1798,1604 1853,1605 1908,1606 1963,1606 2018,1607 2073,1607 2128,1608 2183,1608 2238,1608 2293,1607 2348,1607 2403,1606 2458,1605 2513,1604 2569,1603"/>
                <TextEquiv>
                    <Unicode>ses dessusdscres friesues fenir efsoẏ</Unicode>
                </TextEquiv>
            </TextLine>
            <TextLine id="r3l15" custom="readingOrder {index:14;}">
                <Coords points="1463,1709 2456,1729 2585,1705 2586,1651 2132,1656 1988,1611 1889,1656 1463,1645"/>
                <Baseline points="1470,1689 1525,1691 1580,1692 1636,1693 1691,1694 1747,1695 1802,1696 1857,1696 1913,1697 1968,1697 2024,1697 2079,1697 2134,1697 2190,1697 2245,1697 2301,1697 2356,1697 2411,1697 2467,1697 2522,1697 2578,1697"/>
                <TextEquiv>
                    <Unicode>qumenf garder.Aappoinfemeuf par</Unicode>
                </TextEquiv>
            </TextLine>
            <TextLine id="r3l16" custom="readingOrder {index:15;}">
                <Coords points="1456,1775 1719,1819 1841,1782 2576,1801 2576,1719 2497,1712 2326,1747 2012,1710 1803,1745 1653,1704 1456,1725"/>
                <Baseline points="1463,1777 1518,1778 1573,1780 1628,1781 1684,1782 1739,1783 1794,1784 1849,1785 1905,1785 1960,1786 2015,1786 2070,1786 2126,1787 2181,1787 2236,1787 2291,1787 2347,1787 2402,1786 2457,1786 2512,1786 2568,1785"/>
                <TextEquiv>
                    <Unicode>eusp sessus deuise.et ou fas dit sef</Unicode>
                </TextEquiv>
            </TextLine>
            <TextLine id="r3l17" custom="readingOrder {index:16;}">
                <Coords points="1475,1897 2457,1876 2540,1912 2572,1905 2573,1814 2519,1834 2447,1794 2382,1836 2243,1832 2088,1793 1882,1833 1476,1801"/>
                <Baseline points="1483,1870 1537,1871 1591,1872 1645,1873 1699,1874 1753,1874 1807,1875 1862,1875 1916,1876 1970,1876 2024,1876 2078,1876 2132,1877 2186,1877 2241,1877 2295,1877 2349,1877 2403,1877 2457,1878 2511,1878 2566,1878"/>
                <TextEquiv>
                    <Unicode>faust sup dome sa fisse sans misse es</Unicode>
                </TextEquiv>
            </TextLine>
            <TextLine id="r3l18" custom="readingOrder {index:17;}">
                <Coords points="1467,1977 2570,1993 2585,1911 1468,1900"/>
                <Baseline points="1475,1959 1530,1960 1585,1961 1640,1962 1695,1963 1750,1964 1805,1965 1861,1965 1916,1966 1971,1966 2026,1967 2081,1967 2136,1968 2191,1968 2247,1969 2302,1969 2357,1970 2412,1970 2467,1971 2522,1971 2578,1972"/>
                <TextEquiv>
                    <Unicode>cus afson ou coer adicion.Puis oint</Unicode>
                </TextEquiv>
            </TextLine>
            <TextLine id="r3l19" custom="readingOrder {index:18;}">
                <Coords points="1460,2061 2517,2085 2584,2065 2584,1999 1460,2009"/>
                <Baseline points="1467,2056 1522,2056 1577,2055 1633,2055 1688,2055 1744,2055 1799,2055 1855,2055 1910,2056 1966,2056 2021,2057 2076,2057 2132,2058 2187,2059 2243,2059 2298,2060 2354,2060 2409,2060 2465,2061 2520,2061 2576,2061"/>
                <TextEquiv>
                    <Unicode>a qcfifame ef fit par fout se qil oir et</Unicode>
                </TextEquiv>
            </TextLine>
            <TextLine id="r3l20" custom="readingOrder {index:19;}">
                <Coords points="1457,2175 1528,2146 2077,2151 2154,2190 2239,2154 2552,2167 2552,2109 2508,2091 1458,2086"/>
                <Baseline points="1465,2144 1521,2144 1578,2144 1635,2144 1692,2144 1748,2145 1805,2145 1862,2145 1919,2146 1976,2146 2032,2147 2089,2148 2146,2148 2203,2149 2260,2149 2316,2150 2373,2150 2430,2151 2487,2151 2544,2151"/>
                <TextEquiv>
                    <Unicode>pussier sa forme de sappooinfement.</Unicode>
                </TextEquiv>
            </TextLine>
            <TextLine id="r3l21" custom="readingOrder {index:20;}">
                <Coords points="1456,2235 1626,2271 1747,2235 2469,2275 2582,2245 2583,2200 2095,2159 2034,2194 1903,2153 1456,2188"/>
                <Baseline points="1463,2231 1518,2232 1574,2232 1629,2232 1685,2233 1741,2234 1796,2234 1852,2235 1907,2236 1963,2237 2019,2237 2074,2238 2130,2239 2185,2239 2241,2240 2297,2240 2352,2241 2408,2241 2463,2241 2519,2241 2575,2241"/>
                <TextEquiv>
                    <Unicode>Et qunf il eust saitses friesues par</Unicode>
                </TextEquiv>
            </TextLine>
            <TextLine id="r3l22" custom="readingOrder {index:21;}">
                <Coords points="1483,2350 1856,2326 1928,2364 2146,2327 2475,2358 2583,2327 2564,2257 2425,2287 2159,2247 2063,2283 1927,2246 1873,2279 1684,2255 1562,2284 1483,2250"/>
                <Baseline points="1490,2328 1544,2326 1598,2325 1652,2324 1707,2324 1761,2324 1815,2324 1870,2324 1924,2325 1978,2326 2033,2326 2087,2327 2141,2328 2195,2329 2250,2329 2304,2330 2358,2330 2413,2330 2467,2330 2521,2329 2576,2329"/>
                <TextEquiv>
                    <Unicode>ie mois crier Je mand' a son conseif</Unicode>
                </TextEquiv>
            </TextLine>
            <TextLine id="r3l23" custom="readingOrder {index:22;}">
                <Coords points="1454,2431 2404,2417 2582,2449 2583,2367 2529,2347 2407,2380 2177,2351 1995,2380 1786,2333 1740,2370 1455,2369"/>
                <Baseline points="1462,2418 1517,2417 1573,2416 1629,2416 1684,2416 1740,2415 1796,2415 1851,2416 1907,2416 1963,2416 2019,2417 2074,2417 2130,2418 2186,2419 2241,2419 2297,2420 2353,2421 2408,2421 2464,2422 2520,2423 2576,2423"/>
                <TextEquiv>
                    <Unicode>efseur dec' air ci sa maniere cemet n ai</Unicode>
                </TextEquiv>
            </TextLine>
            <TextLine id="r3l24" custom="readingOrder {index:23;}">
                <Coords points="1454,2529 1879,2504 2505,2535 2583,2521 2584,2450 2261,2458 2171,2424 1454,2462"/>
                <Baseline points="1461,2509 1516,2507 1572,2506 1628,2505 1684,2504 1739,2504 1795,2504 1851,2504 1907,2505 1962,2506 2018,2507 2074,2508 2130,2509 2185,2510 2241,2511 2297,2512 2353,2513 2408,2513 2464,2513 2520,2513 2576,2512"/>
                <TextEquiv>
                    <Unicode>uoit faif auec sesers cheucfier.si onf</Unicode>
                </TextEquiv>
            </TextLine>
            <TextLine id="r3l25" custom="readingOrder {index:24;}">
                <Coords points="1456,2601 2574,2622 2575,2540 2531,2530 2329,2560 1913,2555 1803,2514 1457,2541"/>
                <Baseline points="1463,2596 1518,2595 1573,2594 1628,2594 1684,2594 1739,2594 1794,2595 1849,2595 1905,2596 1960,2596 2015,2597 2070,2598 2126,2599 2181,2599 2236,2600 2291,2601 2347,2601 2402,2601 2457,2601 2512,2601 2568,2601"/>
                <TextEquiv>
                    <Unicode>auise ef desisere par enfre eusps se</Unicode>
                </TextEquiv>
            </TextLine>
            <TextLine id="r3l26" custom="readingOrder {index:25;}">
                <Coords points="1463,2696 2579,2708 2579,2620 1913,2643 1823,2605 1580,2642 1464,2604"/>
                <Baseline points="1471,2684 1526,2684 1581,2684 1636,2684 1691,2684 1746,2684 1801,2685 1856,2686 1911,2686 1966,2687 2021,2688 2076,2689 2131,2690 2186,2691 2241,2691 2296,2691 2351,2691 2406,2691 2461,2691 2516,2690 2571,2689"/>
                <TextEquiv>
                    <Unicode>duc enuol ast mes aglers par fout fe</Unicode>
                </TextEquiv>
            </TextLine>
            <TextLine id="r3l27" custom="readingOrder {index:26;}">
                <Coords points="1469,2799 1555,2816 1623,2771 1900,2807 1994,2783 2047,2816 2122,2780 2575,2796 2575,2729 2532,2708 2375,2737 2080,2704 1954,2738 1469,2702"/>
                <Baseline points="1476,2778 1530,2777 1585,2775 1639,2775 1694,2774 1748,2774 1803,2774 1857,2775 1912,2776 1966,2776 2021,2777 2076,2778 2130,2779 2185,2779 2239,2779 2294,2779 2348,2779 2403,2778 2457,2777 2512,2775 2567,2773"/>
                <TextEquiv>
                    <Unicode>paẏs deuir oiz pour fe:chier ef que:ĩt</Unicode>
                </TextEquiv>
            </TextLine>
            <TextLine id="r3l28" custom="readingOrder {index:27;}">
                <Coords points="1462,2879 2571,2887 2571,2802 2529,2796 2431,2828 2215,2790 2147,2823 1945,2786 1463,2804"/>
                <Baseline points="1469,2865 1523,2865 1578,2864 1633,2864 1688,2864 1742,2865 1797,2865 1852,2866 1907,2866 1961,2867 2016,2867 2071,2868 2126,2869 2180,2869 2235,2870 2290,2870 2345,2870 2399,2871 2454,2870 2509,2870 2564,2870"/>
                <TextEquiv>
                    <Unicode>cheuasier s par sa prouesse ef puiss</Unicode>
                </TextEquiv>
            </TextLine>
            <TextLine id="r3l29" custom="readingOrder {index:28;}">
                <Coords points="1453,2974 2576,2971 2567,2897 2380,2917 2339,2888 2296,2920 1651,2870 1592,2912 1454,2903"/>
                <Baseline points="1461,2954 1516,2953 1571,2953 1627,2953 1682,2953 1737,2953 1793,2954 1848,2955 1903,2956 1959,2957 2014,2958 2069,2959 2125,2959 2180,2960 2235,2961 2291,2961 2346,2962 2401,2962 2457,2961 2512,2961 2568,2960"/>
                <TextEquiv>
                    <Unicode>ce puisse sefers csieuasier cos afre.Et</Unicode>
                </TextEquiv>
            </TextLine>
            <TextLine id="r3l30" custom="readingOrder {index:29;}">
                <Coords points="1459,3057 2084,3079 2308,3047 2474,3083 2562,3067 2562,2981 2168,3010 2063,2968 1923,2992 1699,2957 1646,3000 1459,3010"/>
                <Baseline points="1467,3047 1521,3046 1575,3044 1630,3044 1684,3043 1739,3044 1793,3044 1847,3045 1902,3046 1956,3046 2011,3047 2065,3048 2119,3049 2174,3049 2228,3050 2283,3050 2337,3049 2391,3048 2446,3047 2500,3044 2555,3041"/>
                <TextEquiv>
                    <Unicode>apres se coseis qinsi prine se due senn</Unicode>
                </TextEquiv>
            </TextLine>
            <TextLine id="r3l31" custom="readingOrder {index:30;}">
                <Coords points="1453,3151 2555,3165 2556,3069 2226,3097 2057,3053 1616,3083 1453,3053"/>
                <Baseline points="1460,3137 1514,3136 1568,3135 1623,3134 1677,3134 1732,3134 1786,3134 1840,3134 1895,3135 1949,3136 2004,3136 2058,3137 2112,3138 2167,3138 2221,3139 2276,3140 2330,3140 2384,3140 2439,3140 2493,3140 2548,3140"/>
                <TextEquiv>
                    <Unicode>Ceuse psus eurs ie ss agiers defoiu "J</Unicode>
                </TextEquiv>
            </TextLine>
            <TextLine id="r3l32" custom="readingOrder {index:31;}">
                <Coords points="1455,3239 2575,3232 2575,3189 2501,3154 2239,3191 2065,3151 1891,3185 1842,3144 1456,3167"/>
                <Baseline points="1462,3228 1517,3227 1572,3226 1627,3225 1683,3225 1738,3225 1793,3225 1849,3226 1904,3226 1959,3227 2015,3228 2070,3229 2125,3229 2180,3230 2236,3231 2291,3231 2346,3232 2402,3232 2457,3231 2512,3231 2568,3230"/>
                <TextEquiv>
                    <Unicode>nacions ppies.puis feur aẏaisse ser</Unicode>
                </TextEquiv>
            </TextLine>
            <TextLine id="r3l33" custom="readingOrder {index:32;}">
                <Coords points="1453,3325 2569,3333 2569,3256 2514,3241 2053,3279 1891,3237 1811,3272 1659,3235 1595,3272 1454,3255"/>
                <Baseline points="1460,3317 1515,3316 1570,3316 1625,3316 1680,3316 1735,3316 1790,3316 1845,3316 1900,3317 1955,3317 2011,3318 2066,3319 2121,3319 2176,3320 2231,3320 2286,3320 2341,3321 2396,3321 2451,3321 2506,3321 2562,3320"/>
                <TextEquiv>
                    <Unicode>tres essisses effoit cofenu sa gr and' e</Unicode>
                </TextEquiv>
            </TextLine>
            <TextLine id="r3l34" custom="readingOrder {index:33;}">
                <Coords points="1455,3417 2571,3417 2571,3355 2481,3337 2326,3366 1957,3321 1864,3354 1456,3335"/>
                <Baseline points="1462,3407 1517,3406 1572,3406 1627,3406 1682,3406 1737,3406 1792,3406 1847,3406 1902,3407 1957,3407 2013,3407 2068,3408 2123,3408 2178,3409 2233,3409 2288,3410 2343,3410 2398,3410 2453,3410 2508,3410 2564,3410"/>
                <TextEquiv>
                    <Unicode>De ausie de sa fisse et senfreprinse duit</Unicode>
                </TextEquiv>
            </TextLine>
            <TextLine id="r3l35" custom="readingOrder {index:34;}">
                <Coords points="1444,3489 1653,3524 2328,3495 2568,3522 2568,3449 2372,3426 1867,3448 1445,3417"/>
                <Baseline points="1451,3494 1506,3494 1562,3495 1617,3495 1673,3495 1728,3496 1784,3496 1839,3496 1895,3496 1950,3497 2006,3497 2061,3498 2117,3498 2172,3499 2228,3499 2283,3500 2339,3501 2394,3501 2450,3502 2505,3503 2561,3504"/>
                <TextEquiv>
                    <Unicode>Gers cheu as ier.essi mdoitse suc ece</Unicode>
                </TextEquiv>
            </TextLine>
            <TextLine id="r3l36" custom="readingOrder {index:35;}">
                <Coords points="1444,3601 2576,3605 2576,3536 2530,3514 2053,3548 1819,3500 1444,3526"/>
                <Baseline points="1451,3587 1506,3586 1562,3586 1618,3585 1674,3585 1730,3585 1786,3586 1842,3586 1898,3586 1954,3587 2010,3588 2065,3588 2121,3589 2177,3590 2233,3590 2289,3591 2345,3591 2401,3591 2457,3591 2513,3591 2569,3591"/>
                <TextEquiv>
                    <Unicode>sefires qcessuz qpeurr oit se sers q'e</Unicode>
                </TextEquiv>
            </TextLine>
            <TextLine id="r3l37" custom="readingOrder {index:36;}">
                <Coords points="1451,3682 2394,3689 2438,3722 2579,3705 2580,3599 2315,3640 1986,3601 1452,3624"/>
                <Baseline points="1459,3676 1514,3676 1570,3676 1625,3676 1681,3676 1737,3676 1792,3676 1848,3677 1904,3677 1959,3678 2015,3678 2071,3679 2126,3679 2182,3680 2238,3681 2293,3682 2349,3683 2405,3684 2460,3685 2516,3686 2572,3687"/>
                <TextEquiv>
                    <Unicode>u asier coquerir is fup doner asa fisse</Unicode>
                </TextEquiv>
            </TextLine>
            <TextLine id="r3l38" custom="readingOrder {index:37;}">
                <Coords points="1457,3792 2368,3774 2513,3808 2568,3802 2569,3734 2375,3700 2320,3741 2193,3690 1958,3723 1860,3685 1458,3686"/>
                <Baseline points="1465,3768 1519,3769 1574,3770 1629,3770 1684,3771 1739,3771 1793,3772 1848,3772 1903,3772 1958,3773 2013,3773 2067,3773 2122,3774 2177,3774 2232,3775 2287,3775 2341,3776 2396,3776 2451,3777 2506,3777 2561,3778"/>
                <TextEquiv>
                    <Unicode>Les seffres furent saissees cdouze</Unicode>
                </TextEquiv>
            </TextLine>
            <TextEquiv>
                <Unicode>rir soffre sisse ie quiffercẏ ef cii mio
paẏs ie nei refourner cẏ auec touse
mon ariiee sans de rieus sosfre fers
re deg asferne deffruire.Etsil auis
enf quie deGens se dit ferme se ne soẏe
conquis efsaincu Je aur cs sosfre
fisse pour fe mine ef espouse efen mo
paẏs sans ausfre guserre fairc sa mes
neraẏPour tant firenf enfreeuspfa
pais et ses sriesues crẏer sespace de
sip miois. "Et apres se crẏ fait se cses
u asier sers doima conge au duc sas
uar ẏsur sa foẏde iesucrist fuz iur a
ses dessusdscres friesues fenir efsoẏ
qumenf garder.Aappoinfemeuf par
eusp sessus deuise.et ou fas dit sef
faust sup dome sa fisse sans misse es
cus afson ou coer adicion.Puis oint
a qcfifame ef fit par fout se qil oir et
pussier sa forme de sappooinfement.
Et qunf il eust saitses friesues par
ie mois crier Je mand' a son conseif
efseur dec' air ci sa maniere cemet n ai
uoit faif auec sesers cheucfier.si onf
auise ef desisere par enfre eusps se
duc enuol ast mes aglers par fout fe
paẏs deuir oiz pour fe:chier ef que:ĩt
cheuasier s par sa prouesse ef puiss
ce puisse sefers csieuasier cos afre.Et
apres se coseis qinsi prine se due senn
Ceuse psus eurs ie ss agiers defoiu "J
nacions ppies.puis feur aẏaisse ser
tres essisses effoit cofenu sa gr and' e
De ausie de sa fisse et senfreprinse duit
Gers cheu as ier.essi mdoitse suc ece
sefires qcessuz qpeurr oit se sers q'e
u asier coquerir is fup doner asa fisse
Les seffres furent saissees cdouze</Unicode>
            </TextEquiv>
        </TextRegion>
    </Page>
</PcGts>
