3448 4640
885 412 1998 528 ef clar ons.et coinme sqisTant cham
888 542 2005 638 pioiz ses ennemis as ansit et sint fes
889 606 2003 738 r ir sur eusp.Et sarr asins ef papens
879 722 1995 799 qui grant nomfie furent onf courit
887 788 1997 898 aup armes ef commenca mer ueisseir
899 894 1996 1000 e sat aisse.et fe sers cheuasier frap
875 971 1995 1091 pa c fout saẏache darmes que pres
874 1058 1996 1192 mier quis arreSasf fucideus Meu asē
865 1150 1971 1280 ers.sors se duc sauarẏest deuers suẏ
863 1247 1986 1352 fire Et ont fungsaufre mouEt fiere
864 1327 1983 1427 ment asaissẏ.saisTant estoit se som
876 1420 1987 1551 ous.niais nonz pourfanf du serd che
862 1512 1987 1618 u asier comsafre enfre prenoit moust
859 1594 1977 1722 gr anf fosie.Par fesse effoit la prede
866 1694 1972 1811 st mation dicesuz sers che uafier.ef
852 1784 1982 1904 par sort estoit predeffine que lamals
851 1874 1970 1991 ne ser oit ne conquis ne sqincu sinons
853 1959 1974 2085 par homine qui fust fiszde roẏ.Et
859 2056 1965 2179 qui neust iamals desemireese nour
853 2144 1983 2275 rẏne as aitfe. "Jine se peusoit pas que
852 2230 1970 2357 Lamale esẏonie peust esre frous
849 2335 1975 2429 ue.mais fes enfāc est sur ferresiuāt
854 2419 1968 2531 qui se coms afer aeis ainquir q.Cest
871 2511 1972 2607 Drson sesauua ge comme sous oi
853 2603 1968 2692 rez.enseinsse se coms cfirent moust
851 2685 1968 2800 songuement se duc sauarẏet se sers
847 2775 1976 2894 cheu asier.niois frop enfr qi quaint se
847 2864 1972 2964 Don duc.Qar quaint is se cuis are cls
842 2986 1975 3077 rer pour aser sers son ost Tanf fuf
847 3052 1969 3168 des papens poutsuiup ef de foutes
849 3157 1982 3263 pars ẏẏ ensarre que forfune se con a
843 3234 1968 3353 traidif deftre rue par ferre.parquoẏ
844 3338 1966 3420 ie fust prins prisomier de ses ennes
853 3425 1973 3526 mis.Et se prindrent paies et se mes
845 3500 1963 3626 nerent au ẏers cẏeuasier s tesse iope
834 3610 1960 3707 en menaqpour nuf fresoz ne seusfoit
837 3683 1967 3799 fusaisser afer.efse ducen so cueur re
831 3799 1964 3896 csanc dieu et sa sierge marse.quolf
2097 430 3178 550 ses epiens seeurēt qse duc effoit pris
2083 544 3185 633 dosens ef ess aẏis sont en aequif ame
2078 605 3183 735 ret ournez.Lors comenca se peupse a
2072 706 3190 824 grat dueisf demener.ef ci faire grans
2076 812 3183 895 re grefz ef samefafions pourseur so
2074 882 3183 1000 duc qui fanf aimoiēt.La furent ses
2073 973 3184 1072 trois fi arin Anse ausnie et e
2080 1065 3187 1189 rin se ieune qui pour seur pere font
2076 1152 3182 1270 grant dueis.mais sur fos passoitfa
2072 1252 3176 1365 psainte et samenfafionz de fezomne
2070 1354 3190 1436 saqsse en ses cheueusp desr opant qui
2074 1426 3176 1546 plus fuisant qfor est oienf en ge ftāt
2074 1515 3187 1633 deses Jenfp qr osses sarmes et disoit
2069 1608 3179 1726 Besas de masse heure fus ie nee.qunlf
2058 1692 3176 1804 if faust qpour mos fanf de saissang
2068 1786 3183 1887 s aisse cusp et nosses cheuasiers pour
2062 1880 3182 2007 mos ont fes douseur ef sipife:semēt
2073 1970 3182 2087 finefseurs sours.Et qpsus est miō
2062 2074 3182 2179 cueur achose forf amere asoufrir et
2061 2151 3177 2267 ai porfer se se son duc moiz pere qest
2057 2272 3180 2349 pour samour de nos enfre ses mois
2064 2328 3181 2433 de ses enenus mortelz est piteusemēt
2061 2422 3185 2543 prins.dont mourit sup conuienōz ci
2068 2526 3181 2631 par d ouseur angoiss euse ef piteuse
2070 2613 3175 2703 destresse."Besns mon fresesier pere
2055 2695 3180 2818 tr op chieremef mauez amniee qu anf
2060 2779 3164 2887 mo amoursolest sedue si chiere q es
2056 2890 3179 2981 uiet s par moẏ sa mortgoNoit fiuree
2068 2964 3172 3073 si fort se copsaint en psournt sa fesse
2076 3056 3175 3182 fezonne s esse acour age et soufefe de
2067 3159 3173 3267 sos fuer.aNsi pseure et susp ue sa fesse
2051 3239 3179 3355 et se sers cheu as ier est ensonz pautĩz
2052 3338 3172 3450 son q a fait senir deuoit fupse duc ef
2048 3408 3175 3540 fuz adist " moust fierement.Ors ois
2059 3510 3166 3627 fu mantenant que fues enma iuss
2052 3602 3153 3721 lecfion.Et que lap puissance de foẏ
2072 3694 3162 3801 asre mourir oir de sanuer fa Gle.M
2052 3778 3178 3888 fe dir cẏef deuiserap q fit feras done
