3536 5268
505 676 1770 797 greuance.pour mieiz plaire et pluz
512 949 789 1049 greuer.
501 1019 1689 1165 onques pour autre pitance.
510 1112 1764 1226 ne me fist samblant damer.fors pour
527 1202 1773 1325 pluz ire et grenance.mon fin cuer loi
507 1293 1740 1386 al doimer.maiz ce me fait conforter.
521 1378 1693 1481 quele puet bien esgularder.que cele
516 1465 1704 1579 trop peu sauance.qui sa puissance:
503 1530 1327 1661 fait de son ami greuer.
485 1636 625 1762 A
704 1633 1760 1734 n lespoir de sa paillance.sassen
474 1718 1733 1837 rent mi penser.marz ialousie apois
532 1811 1749 1910 sance.en moi.qui me fait douter.
527 1899 1692 2009 et me fait ades penser.quele me
508 1976 1732 2066 bueille eschaper.einsinc bif en es
522 2055 1756 2136 maiance.que one aleiance.mestuet
526 2150 1442 2237 cent maus achater.Lanor: er
491 2230 1757 2345 idier me fait mescreance.quāt
504 2313 1744 2427 mierz me fait pompenser.quele aĩt
511 2400 1712 2508 autri par doutance.plus que par
533 2502 1708 2590 son bel parler.maiz raisons le peut
529 2569 1730 2665 tenser.qui dit s doit horourer:le
530 2654 1810 2756 felon par contenance.Et sanz doutance:
535 2724 1656 2850 pout mieuz saillir.reuser.Erearae:
543 3329 1589 3439 chaistre deisleaumes lioiniers.
916 3609 1725 3724 lours ne glais.ne pois
908 3880 1760 3986 Autaintie.daloe ne de
1936 649 3184 797 mauuiss nl si grant ooloir namai
1933 927 3103 1015 ne de chanter ce mest auis:com
1926 1165 3122 1300 amours de cuer prochainne.Et de
1948 1450 3116 1556 tant soit chascuns fis:quamours
1915 1707 3088 1810 fu et iert toiz dis.tolite la ioie
1934 1948 3140 2067 mondaintie.nil nest rienz qui ioie
1925 2209 3201 2315 atraie.fors amours donce.et weraie.
1913 2467 2858 2563 teus est force damours.iunt
1916 2560 3150 2680 a ioie damours certainne.naura
1934 2641 3138 2733 nus cin soit faintis.quamoutrs aqui
1925 2725 3072 2818 se sanz paintie.est sanz pren ons
1935 2802 3119 2900 bilainz cris.qui que lait.fausse est
1920 2888 3178 2986 et paume.son nel achate adroit pris.
1928 2968 3134 3078 de trauauz couuers penrs.et de dou
1935 3055 3164 3157 tance greuairne.qui amours einsine
1915 3135 3094 3244 nassaie:nest pas drois que bien len
1909 3240 2372 3343 chaie. Cens.
1915 3321 3126 3452 e iosoie fole ouraigne.blasme
1934 3412 3114 3523 roie.quar pon pris:celui croi en fe
1944 3495 3100 3619 ste plaitine:bargaigne.et achate
1923 3577 3124 3710 au pis.et retient drn seur quinz az
1940 3656 3149 3791 ne.necriedent poloirs eslis.damors
1935 3766 3105 3874 est tant poestis.que nus sens ne
1938 3855 3096 3959 le refrairine.Ainz conuient le cors
1935 3945 3102 4062 quil traie.as biens du cuer quel
