3552 5268
556 655 1892 751 chans de cuer haitie. Labele acui  ie sui.do
556 892 1842 992 nez moi vostre amistie. ele sescrie ahaus cͥs.
556 1194 1780 1273 se ie chant iai bel ami. doete est main le
558 1461 1292 1525 uee. iai mamor asssenee.
536 1539 1778 1609 ouse laissiez robin.de cuer fin sanz en
560 1630 1768 1694 gin ros doins matnor et defin.quieus est
578 1716 1816 1778 amors dun bregier.qui ne set fors que men
566 1798 1750 1860 gier.et garder porciaus.et aigniaus.bele
570 1888 1862 1946 laissiez ses auiaus.si ros tenez as damoisian:"
564 1962 1774 2034 sire nest pas auenant.ne seant.densi sa
574 2046 1782 2127 mor otroier.robm le donai lautrier.Ja ne lē
552 2113 950 2201 ferai ꝯtraire.
546 2382 1816 2463 Ce ne doit on mie faire.samor doner et re
516 2642 840 2710 traite.Aẏ
655 2722 1790 2803 mie ne ros doutez.que ia part ni aue
530 2808 1746 2882 rez.dex ros en gart.sifaite amors pas na
556 2898 1778 2976 iuent.car auos point ne se tient.mais moi
554 2984 1742 3055 qui sanz trahison sui postre hom.deuez a
546 3062 1822 3139 mer Par raison.car ie naim rienz se ros nō.
558 3144 1806 3222 sire ci alonc seior.catendu ai toute ior.mō
554 3236 1746 3300 pastor.mais sachiez certeinement.sil de
550 3323 1726 3400 more longement.del tout a amoi failli.
544 3572 1754 3659 Ams postre demoree.me fera faire autre
550 3834 822 3915 aii. Nr
2110 1635 2290 1704 Jehans.
2102 1720 2276 1788 erars.
2330 1785 3180 1879 autre iet cheuauchai mon
2362 2048 3212 2142 chenun deiouste on riussel.
2184 2187 2308 2291 s
2406 2192 2446 2284 E
1972 2302 3224 2396 trius pastore soz on pin nouel.dun raitrs
1956 2564 3146 2658 sel ot fait chapel.et cote et chaperon ot
1944 2804 3128 2902 dun burel.frestel chalemel ot.si notoit
1946 2938 2382 3052 rs
1960 3069 3188 3151 et chantoit bien et bel.souent regrete on
2288 3190 2436 3282 qte
1964 3198 1984 3282 t
1954 3318 3218 3422 pastorel.car sole gardoit son aignel.ie ma
1964 3591 3136 3660 restai soz lombre dun fraisnel.lez mbos
1962 3840 3186 3948 chel lassai mon poutrel.sa rois qui reten
