<?xml version="1.0" encoding="UTF-8" standalone="yes"?>
<PcGts xmlns="http://schema.primaresearch.org/PAGE/gts/pagecontent/2013-07-15" xmlns:xsi="http://www.w3.org/2001/XMLSchema-instance" xsi:schemaLocation="http://schema.primaresearch.org/PAGE/gts/pagecontent/2013-07-15 http://schema.primaresearch.org/PAGE/gts/pagecontent/2013-07-15/pagecontent.xsd">
    <Metadata>
        <Creator>prov=University of Rostock/Institute of Mathematics/CITlab|PLANET AI GmbH/Gundram Leifert/gundram.leifert@planet-ai.de:name=Model_1_HTR(htr_id=14910)::::v=2.6.7
prov=University of Rostock/Institute of Mathematics/CITlab|PLANET AI GmbH/Tobias Gruening/tobias.gruening@planet-ai.de:name=de.uros.citlab.module.baseline2polygon.B2PSeamMultiOriented:v=2.6.7
prov=University of Rostock/Institute of Mathematics/CITlab|PLANET AI GmbH/Tobias Gruening/tobias.gruening@planet-ai.de:name=/net_tf/LA73_249_0mod360.pb:de.uros.citlab.segmentation.CITlab_LA_ML:v=2.6.6
Transkribus</Creator>
        <Created>2020-10-20T19:22:42.601+02:00</Created>
        <LastChange>2020-10-21T16:09:20.258+02:00</LastChange>
        <TranskribusMetadata docId="522094" pageId="22229374" pageNr="2" tsid="46547031" status="IN_PROGRESS" userId="48599" imgUrl="https://files.transkribus.eu/Get?id=ORINVBXKPVUWQNMENEBFINWY&amp;fileType=view" xmlUrl="https://files.transkribus.eu/Get?id=UJBKRKVEBOFSBZDCNWKONOSP" imageId="17319219"/>
    </Metadata>
    <Page imageFilename="522094_0002_22229374.jpg" imageWidth="3528" imageHeight="5250">
        <ReadingOrder>
            <OrderedGroup id="ro_1633103332631" caption="Regions reading order">
                <RegionRefIndexed index="0" regionRef="r1"/>
                <RegionRefIndexed index="1" regionRef="region_1603286756348_87"/>
                <RegionRefIndexed index="2" regionRef="r5"/>
                <RegionRefIndexed index="3" regionRef="r6"/>
            </OrderedGroup>
        </ReadingOrder>
        <TextRegion orientation="0.0" id="r1" custom="readingOrder {index:0;}">
            <Coords points="252,515 252,2698 1582,2698 1582,515"/>
            <TextLine id="r1l3" custom="readingOrder {index:0;}">
                <Coords points="308,739 1375,759 1578,740 1578,660 696,682 545,605 308,686"/>
                <Baseline points="316,724 378,722 441,721 504,720 566,718 629,718 692,716 754,714 817,714 880,714 943,712 1005,712 1068,712 1131,712 1193,713 1256,714 1319,714 1381,716 1444,717 1507,718 1570,720"/>
                <TextEquiv>
                    <Unicode>tist el boschel de samor mesprent . car le cors</Unicode>
                </TextEquiv>
            </TextLine>
            <TextLine id="line_1603286838782_108" custom="readingOrder {index:1;}">
                <Coords points="318,994 1052,981 1051,933 990,897 875,920 798,921 756,893 669,918 317,910"/>
                <Baseline points="326,983 1044,969"/>
                <TextEquiv>
                    <Unicode>agent . le vis cler et bel</Unicode>
                </TextEquiv>
            </TextLine>
            <TextLine id="line_1603286721281_76" custom="readingOrder {index:2;}">
                <Coords points="422,1076 1527,1065 1526,1005 1391,986 735,984 683,1012 577,984 422,1016"/>
                <Baseline points="430,1071 1519,1056"/>
                <TextEquiv>
                    <Unicode>asse fait ele en souspirant de duel mor¬</Unicode>
                </TextEquiv>
            </TextLine>
            <TextLine id="r1l8" custom="readingOrder {index:3;}">
                <Coords points="300,1216 497,1150 1519,1155 1518,1087 298,1106"/>
                <Baseline points="308,1158 368,1154 428,1150 488,1148 548,1146 608,1144 668,1144 728,1142 788,1142 848,1140 909,1140 969,1140 1029,1140 1089,1140 1149,1140 1209,1140 1269,1140 1329,1140 1389,1140 1449,1138 1510,1138"/>
                <TextEquiv>
                    <Unicode>tai , robins ne maime de neant.or mandi</Unicode>
                </TextEquiv>
            </TextLine>
            <TextLine id="r1l9" custom="readingOrder {index:4;}">
                <Coords points="317,1261 1540,1244 1539,1183 1334,1171 316,1199"/>
                <Baseline points="326,1252 386,1248 446,1246 506,1244 567,1241 627,1239 687,1237 748,1236 808,1234 868,1233 929,1232 989,1232 1049,1232 1109,1230 1170,1230 1230,1232 1290,1232 1351,1232 1411,1232 1471,1234 1532,1236"/>
                <TextEquiv>
                    <Unicode>rai le tans de mai.et maudirai et foille et</Unicode>
                </TextEquiv>
            </TextLine>
            <TextLine id="r1l10" custom="readingOrder {index:5;}">
                <Coords points="306,1365 1496,1358 1506,1290 556,1265 306,1298"/>
                <Baseline points="314,1334 373,1334 432,1334 491,1332 550,1332 610,1332 669,1332 728,1330 787,1330 846,1330 906,1330 965,1328 1024,1328 1083,1328 1142,1328 1202,1328 1261,1330 1320,1330 1379,1331 1438,1332 1498,1334"/>
                <TextEquiv>
                    <Unicode>flor.et glai.mal trai si mesmai.por coi nē</Unicode>
                </TextEquiv>
            </TextLine>
            <TextLine id="r1l11" custom="readingOrder {index:6;}">
                <Coords points="329,1448 1567,1452 1589,1369 727,1347 329,1381"/>
                <Baseline points="338,1420 400,1418 462,1416 524,1414 586,1414 649,1412 711,1412 773,1411 835,1410 897,1410 960,1410 1022,1411 1084,1412 1146,1412 1208,1412 1271,1413 1333,1414 1395,1414 1457,1414 1519,1416 1582,1416"/>
                <TextEquiv>
                    <Unicode>mautie robitis.ie ne sai.ie lai de cuer pai</Unicode>
                </TextEquiv>
            </TextLine>
            <TextLine id="r1l12" custom="readingOrder {index:7;}">
                <Coords points="326,1529 1487,1529 1486,1464 1384,1444 325,1469"/>
                <Baseline points="334,1514 391,1512 448,1508 505,1506 562,1506 620,1504 677,1503 734,1502 791,1502 848,1502 906,1502 963,1502 1020,1502 1077,1502 1134,1502 1192,1502 1249,1502 1306,1502 1363,1502 1420,1502 1478,1502"/>
                <TextEquiv>
                    <Unicode>ia por biaute nel laisserai.iamais autrui</Unicode>
                </TextEquiv>
            </TextLine>
            <TextLine id="r1l13" custom="readingOrder {index:8;}">
                <Coords points="330,1627 694,1588 1534,1614 1533,1542 330,1541"/>
                <Baseline points="338,1598 397,1595 456,1592 516,1590 575,1588 635,1588 694,1586 753,1586 813,1586 872,1586 932,1586 991,1586 1050,1586 1110,1586 1169,1586 1229,1586 1288,1586 1347,1588 1407,1588 1466,1588 1526,1588"/>
                <TextEquiv>
                    <Unicode>mamor notroierai.trop ai le cuier brai.mes</Unicode>
                </TextEquiv>
            </TextLine>
            <TextLine id="r1l14" custom="readingOrder {index:9;}">
                <Coords points="330,1697 1514,1699 1513,1610 330,1627"/>
                <Baseline points="338,1676 396,1676 454,1674 513,1674 571,1674 630,1674 688,1674 746,1674 805,1672 863,1672 922,1672 980,1672 1038,1672 1097,1672 1155,1672 1214,1672 1272,1672 1330,1672 1389,1671 1447,1670 1506,1670"/>
                <TextEquiv>
                    <Unicode>ie chanterai.ame lau.et sil ne maime iel</Unicode>
                </TextEquiv>
            </TextLine>
            <TextLine id="r1l15" custom="readingOrder {index:10;}">
                <Coords points="325,1771 1502,1773 1502,1708 1389,1690 325,1698"/>
                <Baseline points="334,1754 392,1753 450,1752 508,1752 566,1752 624,1751 682,1750 740,1750 798,1750 856,1750 914,1750 972,1750 1030,1750 1088,1750 1146,1750 1204,1750 1262,1750 1320,1751 1378,1752 1436,1752 1494,1752"/>
                <TextEquiv>
                    <Unicode>lairai.certes iel harrai.lasse qun ie dit.</Unicode>
                </TextEquiv>
            </TextLine>
            <TextLine id="line_1603286880151_116" custom="readingOrder {index:11;}">
                <Coords points="334,1846 425,1844 443,1832 498,1844 563,1836 649,1856 758,1831 758,1807 714,1788 609,1772 334,1791"/>
                <Baseline points="342,1837 750,1839"/>
                <TextEquiv>
                    <Unicode>poir non ferai.</Unicode>
                </TextEquiv>
            </TextLine>
            <TextLine id="line_1603286955822_132" custom="readingOrder {index:12;}">
                <Coords points="304,1939 326,1934 343,1944 365,1945 383,1957 406,1937 424,1936 424,1853 408,1859 365,1841 344,1846 330,1833 320,1840 304,1841"/>
                <Baseline points="311,1935 411,1935 415,1935"/>
                <TextEquiv>
                    <Unicode>es</Unicode>
                </TextEquiv>
            </TextLine>
            <TextLine id="line_1603286946689_127" custom="readingOrder {index:13;}">
                <Coords points="440,1942 1541,1947 1572,1942 1573,1864 441,1864"/>
                <Baseline points="449,1916 1564,1931"/>
                <TextEquiv>
                    <Unicode>Uant ie loi si dementer.Adonc li dis leis</Unicode>
                </TextEquiv>
            </TextLine>
            <TextLine id="line_1603286989888_141" custom="readingOrder {index:14;}">
                <Coords points="322,2022 1486,2038 1486,1955 1283,1939 322,1958"/>
                <Baseline points="329,2007 1478,2007"/>
                <TextEquiv>
                    <Unicode>siez ester cel pastorcl.chaitis est et sera toz</Unicode>
                </TextEquiv>
            </TextLine>
            <TextLine id="r1l19" custom="readingOrder {index:15;}">
                <Coords points="326,2107 1477,2114 1568,2107 1569,2036 326,2028"/>
                <Baseline points="334,2084 395,2082 456,2082 517,2080 579,2078 640,2078 701,2078 763,2078 824,2078 885,2078 947,2080 1008,2080 1069,2080 1130,2082 1192,2082 1253,2084 1314,2084 1376,2084 1437,2084 1498,2084 1560,2084"/>
                <TextEquiv>
                    <Unicode>dis.iamais naurois de lui soulaz tant ꝯsoit</Unicode>
                </TextEquiv>
            </TextLine>
            <TextLine id="r1l20" custom="readingOrder {index:16;}">
                <Coords points="332,2194 1532,2211 1508,2112 332,2118"/>
                <Baseline points="340,2178 399,2178 458,2176 517,2176 576,2176 636,2175 695,2174 754,2174 813,2174 872,2174 932,2174 991,2174 1050,2176 1109,2176 1168,2176 1228,2176 1287,2176 1346,2176 1405,2178 1464,2178 1524,2178"/>
                <TextEquiv>
                    <Unicode>Uis.tant dis et tant pramis.quentre mes</Unicode>
                </TextEquiv>
            </TextLine>
            <TextLine id="r1l21" custom="readingOrder {index:17;}">
                <Coords points="331,2288 1533,2294 1533,2226 1380,2202 331,2206"/>
                <Baseline points="340,2268 399,2268 458,2266 517,2266 576,2266 636,2264 695,2264 754,2264 813,2264 872,2262 932,2262 991,2262 1050,2262 1109,2262 1168,2262 1228,2262 1287,2262 1346,2262 1405,2264 1464,2264 1524,2266"/>
                <TextEquiv>
                    <Unicode>bras doucement le saisis.sor lerbe rerdoiant</Unicode>
                </TextEquiv>
            </TextLine>
            <TextLine id="r1l22" custom="readingOrder {index:18;}">
                <Coords points="329,2359 1537,2377 1537,2296 1436,2286 329,2287"/>
                <Baseline points="336,2346 395,2346 455,2346 514,2344 574,2344 634,2344 693,2344 753,2344 812,2344 872,2344 932,2344 991,2344 1051,2344 1110,2344 1170,2345 1230,2346 1289,2346 1349,2348 1408,2348 1468,2350 1528,2350"/>
                <TextEquiv>
                    <Unicode>la mis.les qr li baisai et puis le ois.lors mō</Unicode>
                </TextEquiv>
            </TextLine>
            <TextLine id="r1l23" custom="readingOrder {index:19;}">
                <Coords points="329,2448 1544,2461 1534,2376 329,2373"/>
                <Baseline points="338,2430 397,2430 457,2432 517,2432 577,2432 637,2432 697,2432 757,2432 817,2432 877,2432 937,2432 996,2432 1056,2432 1116,2432 1176,2430 1236,2430 1296,2430 1356,2430 1416,2428 1476,2428 1536,2428"/>
                <TextEquiv>
                    <Unicode>sambla que fusse en paradis.sor lerbe.Der</Unicode>
                </TextEquiv>
            </TextLine>
            <TextLine id="r1l24" custom="readingOrder {index:20;}">
                <Coords points="324,2532 1512,2548 1512,2480 1416,2458 324,2460"/>
                <Baseline points="332,2514 390,2514 449,2514 507,2516 566,2516 625,2516 683,2516 742,2516 800,2516 859,2516 918,2516 976,2516 1035,2516 1093,2516 1152,2516 1211,2516 1269,2516 1328,2516 1386,2516 1445,2516 1504,2516"/>
                <TextEquiv>
                    <Unicode>doiant.La mis.de li fui espris.sen pris et</Unicode>
                </TextEquiv>
            </TextLine>
            <TextLine id="r1l25" custom="readingOrder {index:21;}">
                <Coords points="333,2606 1054,2635 1558,2603 1558,2541 334,2543"/>
                <Baseline points="342,2594 402,2594 462,2594 523,2594 583,2594 644,2594 704,2594 764,2594 825,2594 885,2596 946,2596 1006,2596 1066,2596 1127,2596 1187,2596 1248,2598 1308,2598 1368,2598 1429,2598 1489,2598 1550,2596"/>
                <TextEquiv>
                    <Unicode>repris.puis li dis naurez pis.cle iete onris.</Unicode>
                </TextEquiv>
            </TextLine>
            <TextLine id="r1l26" custom="readingOrder {index:22;}">
                <Coords points="326,2686 473,2665 886,2715 1077,2686 1364,2717 1365,2608 929,2634 327,2607"/>
                <Baseline points="334,2666 385,2666 436,2668 487,2668 538,2668 589,2668 640,2668 691,2668 742,2668 793,2670 845,2670 896,2670 947,2670 998,2672 1049,2672 1100,2672 1151,2674 1202,2674 1253,2676 1304,2678 1356,2680"/>
                <TextEquiv>
                    <Unicode>si dit mes amis serez mais toz dis.E</Unicode>
                </TextEquiv>
            </TextLine>
            <TextEquiv>
                <Unicode>tist el boschel de samor mesprent . car le cors
agent . le vis cler et bel
asse fait ele en souspirant de duel mor¬
tai , robins ne maime de neant.or mandi
rai le tans de mai.et maudirai et foille et
flor.et glai.mal trai si mesmai.por coi nē
mautie robitis.ie ne sai.ie lai de cuer pai
ia por biaute nel laisserai.iamais autrui
mamor notroierai.trop ai le cuier brai.mes
ie chanterai.ame lau.et sil ne maime iel
lairai.certes iel harrai.lasse qun ie dit.
poir non ferai.
es
Uant ie loi si dementer.Adonc li dis leis
siez ester cel pastorcl.chaitis est et sera toz
dis.iamais naurois de lui soulaz tant ꝯsoit
Uis.tant dis et tant pramis.quentre mes
bras doucement le saisis.sor lerbe rerdoiant
la mis.les qr li baisai et puis le ois.lors mō
sambla que fusse en paradis.sor lerbe.Der
doiant.La mis.de li fui espris.sen pris et
repris.puis li dis naurez pis.cle iete onris.
si dit mes amis serez mais toz dis.E</Unicode>
            </TextEquiv>
        </TextRegion>
        <TextRegion id="region_1603286756348_87" custom="readingOrder {index:1;}">
            <Coords points="401,992 291,992 291,1102 401,1102"/>
            <TextEquiv>
                <Unicode></Unicode>
            </TextEquiv>
        </TextRegion>
        <TextRegion orientation="0.0" id="r5" custom="readingOrder {index:2;}">
            <Coords points="1654,830 1654,4029 2988,4029 2988,830"/>
            <TextLine id="r5l1" custom="readingOrder {index:0;}">
                <Coords points="1785,887 1938,902 1973,878 2130,887 2183,875 2181,817 2157,809 2110,821 1973,808 1868,821 1783,812"/>
                <Baseline points="1794,886 1819,886 1844,884 1870,882 1895,882 1920,881 1946,878 1971,878 1996,878 2022,876 2047,876 2072,876 2098,876 2123,876 2148,876 2174,876"/>
                <TextEquiv>
                    <Unicode>ehans erars:</Unicode>
                </TextEquiv>
            </TextLine>
            <TextLine id="r5l4" custom="readingOrder {index:1;}">
                <Coords points="2071,1171 2643,1183 2799,1150 2968,1173 2967,1097 2916,1073 2603,1113 2447,1089 2170,1108 2070,1077"/>
                <Baseline points="2080,1156 2124,1158 2168,1158 2212,1158 2256,1156 2300,1156 2344,1156 2388,1156 2432,1155 2476,1154 2520,1154 2564,1152 2608,1152 2652,1151 2696,1150 2740,1150 2784,1150 2828,1148 2872,1148 2916,1148 2960,1148"/>
                <TextEquiv>
                    <Unicode>Ltans nouel ane cist oisel cha</Unicode>
                </TextEquiv>
            </TextLine>
            <TextLine id="line_1603287185790_177" custom="readingOrder {index:2;}">
                <Coords points="2085,1453 2197,1479 2374,1463 2411,1427 2658,1424 2783,1466 2950,1440 2950,1333 2921,1320 2085,1317"/>
                <Baseline points="2093,1425 2943,1425"/>
                <TextEquiv>
                    <Unicode>rent cler sorlarbroie.pres dimn</Unicode>
                </TextEquiv>
            </TextLine>
            <TextLine id="r5l8" custom="readingOrder {index:3;}">
                <Coords points="1699,1698 2825,1690 2906,1623 2635,1588 2205,1636 1698,1598"/>
                <Baseline points="1706,1674 1765,1674 1825,1676 1884,1676 1944,1676 2004,1676 2063,1676 2123,1676 2182,1674 2242,1674 2302,1674 2361,1673 2421,1672 2480,1672 2540,1670 2600,1670 2659,1669 2719,1668 2778,1668 2838,1666 2898,1666"/>
                <TextEquiv>
                    <Unicode>boschel trtus pastorel soz on omel sombroie</Unicode>
                </TextEquiv>
            </TextLine>
            <TextLine id="r5l10" custom="readingOrder {index:4;}">
                <Coords points="1694,1949 2928,1947 2928,1864 2873,1851 2308,1900 2068,1887 1949,1826 1694,1831"/>
                <Baseline points="1702,1922 1762,1924 1823,1926 1884,1926 1945,1928 2006,1928 2067,1930 2128,1930 2189,1930 2250,1930 2311,1930 2371,1930 2432,1930 2493,1930 2554,1930 2615,1928 2676,1928 2737,1928 2798,1928 2859,1928 2920,1928"/>
                <TextEquiv>
                    <Unicode>por amors se comtoie.samie apele au cale</Unicode>
                </TextEquiv>
            </TextLine>
            <TextLine id="r5l13" custom="readingOrder {index:5;}">
                <Coords points="1667,2242 2982,2212 2958,2134 1667,2115"/>
                <Baseline points="1676,2180 1740,2182 1805,2184 1870,2186 1935,2186 2000,2188 2065,2188 2130,2188 2195,2188 2260,2188 2325,2188 2389,2187 2454,2186 2519,2186 2584,2186 2649,2185 2714,2184 2779,2184 2844,2184 2909,2184 2974,2184"/>
                <TextEquiv>
                    <Unicode>mel.si chante et note dorenlot eo es.ae ae.</Unicode>
                </TextEquiv>
            </TextLine>
            <TextLine id="r5l16" custom="readingOrder {index:6;}">
                <Coords points="1673,2450 2717,2481 2890,2451 2890,2401 2786,2381 2260,2411 1880,2378 1674,2422"/>
                <Baseline points="1682,2440 1742,2440 1802,2442 1862,2442 1922,2444 1982,2444 2042,2446 2102,2446 2162,2448 2222,2448 2282,2450 2342,2450 2402,2450 2462,2450 2522,2450 2582,2450 2642,2450 2702,2450 2762,2450 2822,2448 2882,2448"/>
                <Word id="word_1603287489015_205" custom="readingOrder {index:0;}">
                    <Coords points="1672,2455 1787,2455 1787,2559 1672,2559"/>
                    <TextEquiv>
                        <Unicode></Unicode>
                    </TextEquiv>
                </Word>
                <TextEquiv>
                    <Unicode>o o dorenlot.damors me doint dex ioie.</Unicode>
                </TextEquiv>
            </TextLine>
            <TextLine id="line_1603287482775_200" custom="readingOrder {index:7;}">
                <Coords points="1808,2547 2840,2552 2933,2540 2933,2490 1807,2471"/>
                <Baseline points="1816,2534 2924,2532"/>
                <TextEquiv>
                    <Unicode>ele au cors bel fait onchapel.de la flor</Unicode>
                </TextEquiv>
            </TextLine>
            <TextLine id="r5l19" custom="readingOrder {index:8;}">
                <Coords points="1709,2624 2891,2631 2992,2611 2992,2530 2857,2567 1709,2574"/>
                <Baseline points="1718,2608 1781,2610 1844,2612 1907,2612 1971,2614 2034,2614 2097,2616 2161,2616 2224,2616 2287,2616 2351,2616 2414,2616 2477,2614 2540,2614 2604,2614 2667,2612 2730,2612 2794,2610 2857,2610 2920,2610 2984,2608"/>
                <TextEquiv>
                    <Unicode>qui blanchoie.quant ot lapel en son frestel.</Unicode>
                </TextEquiv>
            </TextLine>
            <TextLine id="r5l20" custom="readingOrder {index:9;}">
                <Coords points="1711,2710 2946,2709 2956,2643 1712,2632"/>
                <Baseline points="1720,2684 1781,2686 1842,2688 1904,2690 1965,2690 2027,2692 2088,2692 2149,2692 2211,2694 2272,2694 2334,2694 2395,2694 2456,2692 2518,2692 2579,2692 2641,2692 2702,2692 2763,2692 2825,2692 2886,2692 2948,2692"/>
                <TextEquiv>
                    <Unicode>respont que perrins loie.perrin en ceste het</Unicode>
                </TextEquiv>
            </TextLine>
            <TextLine id="r5l21" custom="readingOrder {index:10;}">
                <Coords points="1702,2785 2746,2805 2901,2774 2862,2700 2682,2738 1703,2712"/>
                <Baseline points="1710,2760 1769,2762 1828,2764 1887,2766 1946,2768 2005,2770 2064,2771 2123,2772 2182,2774 2241,2774 2301,2775 2360,2776 2419,2776 2478,2776 2537,2775 2596,2774 2655,2774 2714,2772 2773,2771 2832,2768 2892,2766"/>
                <TextEquiv>
                    <Unicode>boie.ont.ne.trop apaistre nostre aignel.</Unicode>
                </TextEquiv>
            </TextLine>
            <TextLine id="line_1603287609406_247" custom="readingOrder {index:11;}">
                <Coords points="1699,2851 1730,2858 1754,2849 1811,2872 1866,2863 1952,2868 1954,2792 1888,2805 1800,2782 1762,2791 1731,2780 1701,2785"/>
                <Baseline points="1708,2846 1944,2851"/>
                <TextEquiv>
                    <Unicode>si chante</Unicode>
                </TextEquiv>
            </TextLine>
            <TextLine id="line_1603287597638_241" custom="readingOrder {index:12;}">
                <Coords points="1650,2981 1684,2981 1710,2964 1731,2977 1744,2967 1763,2976 1775,2965 1807,2959 1805,2865 1773,2864 1753,2850 1739,2857 1714,2854 1693,2872 1648,2865"/>
                <Baseline points="1658,2947 1758,2945 1799,2945"/>
                <TextEquiv>
                    <Unicode></Unicode>
                </TextEquiv>
            </TextLine>
            <TextLine id="r5l23" custom="readingOrder {index:13;}">
                <Coords points="1807,2955 2775,2973 2944,2940 2944,2871 2385,2904 1807,2873"/>
                <Baseline points="1816,2930 1872,2932 1928,2935 1984,2936 2040,2938 2096,2939 2152,2940 2208,2940 2264,2940 2320,2940 2376,2940 2432,2940 2488,2940 2544,2939 2600,2938 2656,2937 2712,2936 2768,2934 2824,2934 2880,2931 2936,2930"/>
                <TextEquiv>
                    <Unicode>lus tu estait en on garait.laisse perris</Unicode>
                </TextEquiv>
            </TextLine>
            <TextLine id="r5l25" custom="readingOrder {index:14;}">
                <Coords points="1696,3034 2941,3027 2919,2961 1696,2948"/>
                <Baseline points="1704,3016 1765,3016 1827,3016 1888,3016 1950,3016 2011,3016 2073,3016 2134,3016 2196,3017 2257,3018 2319,3018 2380,3018 2442,3018 2503,3018 2565,3018 2626,3017 2688,3016 2749,3016 2811,3016 2872,3016 2934,3014"/>
                <TextEquiv>
                    <Unicode>sa proie.quant il sen pait.la proie trait.</Unicode>
                </TextEquiv>
            </TextLine>
            <TextLine id="r5l26" custom="readingOrder {index:15;}">
                <Coords points="1693,3099 2310,3144 2996,3108 2996,3052 2868,3029 1694,3035"/>
                <Baseline points="1702,3092 1766,3094 1830,3094 1894,3096 1959,3096 2023,3096 2087,3097 2152,3098 2216,3098 2280,3098 2345,3098 2409,3098 2473,3098 2537,3098 2602,3098 2666,3098 2730,3098 2795,3098 2859,3098 2923,3098 2988,3098"/>
                <TextEquiv>
                    <Unicode>es pres iouste la roie.grant ioie fait.si chate</Unicode>
                </TextEquiv>
            </TextLine>
            <TextLine id="line_1603287655460_258" custom="readingOrder {index:16;}">
                <Coords points="1808,3210 2176,3227 2310,3187 2860,3227 2980,3204 2981,3149 2155,3147 2036,3108 1809,3145"/>
                <Baseline points="1816,3194 2972,3206"/>
                <TextEquiv>
                    <Unicode>errins sanz plait.rers soi la trait.Et dit</Unicode>
                </TextEquiv>
            </TextLine>
            <TextLine id="r5l28" custom="readingOrder {index:17;}">
                <Coords points="1683,3295 2952,3298 2908,3233 2285,3248 1931,3211 1684,3249"/>
                <Baseline points="1692,3282 1754,3282 1817,3280 1879,3280 1942,3280 2005,3281 2067,3282 2130,3282 2192,3284 2255,3284 2318,3286 2380,3286 2443,3288 2505,3288 2568,3290 2631,3290 2693,3290 2756,3290 2818,3290 2881,3288 2944,3288"/>
                <Word id="word_1603287639483_255" custom="readingOrder {index:0;}">
                    <Coords points="1652,3111 1807,3111 1807,3239 1652,3239"/>
                    <TextEquiv>
                        <Unicode></Unicode>
                    </TextEquiv>
                </Word>
                <TextEquiv>
                    <Unicode>quie cil foloie.qui sans forfait samie lait.et</Unicode>
                </TextEquiv>
            </TextLine>
            <TextLine id="r5l29" custom="readingOrder {index:18;}">
                <Coords points="1708,3377 2956,3412 2957,3341 2891,3322 1709,3308"/>
                <Baseline points="1716,3360 1777,3362 1839,3362 1900,3362 1962,3364 2024,3364 2085,3366 2147,3368 2208,3369 2270,3370 2332,3372 2393,3374 2455,3375 2516,3376 2578,3378 2640,3380 2701,3380 2763,3382 2824,3382 2886,3382 2948,3384"/>
                <TextEquiv>
                    <Unicode>quant cil pluz dosnoie.roit quel forment la</Unicode>
                </TextEquiv>
            </TextLine>
            <TextLine id="r5l30" custom="readingOrder {index:19;}">
                <Coords points="1695,3481 2924,3493 2916,3400 2808,3431 1696,3403"/>
                <Baseline points="1704,3456 1764,3456 1825,3458 1885,3458 1946,3458 2007,3460 2067,3461 2128,3462 2188,3464 2249,3464 2310,3466 2370,3466 2431,3468 2491,3468 2552,3470 2613,3470 2673,3472 2734,3472 2794,3472 2855,3472 2916,3472"/>
                <TextEquiv>
                    <Unicode>gnarde prent sa proie.la touse laisse coie.q'</Unicode>
                </TextEquiv>
            </TextLine>
            <TextLine id="line_1603287686134_266" custom="readingOrder {index:20;}">
                <Coords points="1701,3549 2681,3586 2683,3508 2654,3504 1703,3481"/>
                <Baseline points="1710,3545 2674,3570"/>
                <TextEquiv>
                    <Unicode>li dit reuien erranment.si chante.</Unicode>
                </TextEquiv>
            </TextLine>
            <TextLine id="line_1603287824193_274" custom="readingOrder {index:21;}">
                <Coords points="1819,3649 2792,3662 2851,3691 2943,3673 2946,3600 1822,3573"/>
                <Baseline points="1829,3627 2935,3670"/>
                <TextEquiv>
                    <Unicode>Uant ellongier bile bregier.que ie pas</Unicode>
                </TextEquiv>
            </TextLine>
            <TextLine id="r5l33" custom="readingOrder {index:22;}">
                <Coords points="1668,3734 1820,3709 2715,3772 2853,3766 2920,3700 1728,3661 1671,3622"/>
                <Baseline points="1676,3706 1737,3706 1799,3706 1861,3708 1922,3708 1984,3710 2046,3712 2107,3714 2169,3716 2231,3718 2293,3721 2354,3722 2416,3726 2478,3728 2539,3729 2601,3730 2663,3732 2724,3732 2786,3732 2848,3732 2910,3732"/>
                <TextEquiv>
                    <Unicode>chier nauoie.sanz atargier li rois proier.</Unicode>
                </TextEquiv>
            </TextLine>
            <TextLine id="r5l34" custom="readingOrder {index:23;}">
                <Coords points="1695,3833 2947,3861 2964,3782 1698,3743"/>
                <Baseline points="1704,3794 1766,3794 1829,3796 1891,3796 1954,3798 2016,3799 2079,3800 2141,3802 2204,3804 2266,3806 2329,3808 2391,3810 2454,3812 2516,3814 2579,3816 2641,3819 2704,3820 2766,3822 2829,3824 2891,3826 2954,3828"/>
                <TextEquiv>
                    <Unicode>quele del tot soit moie.marz pas ne le mo</Unicode>
                </TextEquiv>
            </TextLine>
            <TextLine id="r5l35" custom="readingOrder {index:24;}">
                <Coords points="1695,3895 2490,3946 2603,3907 2711,3944 2925,3938 2927,3870 1696,3832"/>
                <Baseline points="1704,3890 1764,3890 1825,3892 1886,3892 1946,3894 2007,3896 2068,3896 2128,3898 2189,3900 2250,3900 2311,3902 2371,3904 2432,3905 2493,3906 2553,3908 2614,3908 2675,3910 2735,3910 2796,3912 2857,3912 2918,3912"/>
                <Word id="word_1603287911170_285" custom="readingOrder {index:0;}">
                    <Coords points="1685,3909 1805,3909 1805,4014 1685,4014"/>
                    <TextEquiv>
                        <Unicode></Unicode>
                    </TextEquiv>
                </Word>
                <TextEquiv>
                    <Unicode>troie.car pertin nose corroucier.si chante.</Unicode>
                </TextEquiv>
            </TextLine>
            <TextLine id="line_1603287924081_288" custom="readingOrder {index:25;}">
                <Coords points="1806,4011 2362,4047 2865,4009 2945,4038 2947,3960 1807,3938"/>
                <Baseline points="1814,3997 2937,4017"/>
                <TextEquiv>
                    <Unicode>n seul baisier damors li qiuer.mais de</Unicode>
                </TextEquiv>
            </TextLine>
            <TextEquiv>
                <Unicode>ehans erars:
Ltans nouel ane cist oisel cha
rent cler sorlarbroie.pres dimn
boschel trtus pastorel soz on omel sombroie
por amors se comtoie.samie apele au cale
mel.si chante et note dorenlot eo es.ae ae.
o o dorenlot.damors me doint dex ioie.
ele au cors bel fait onchapel.de la flor
qui blanchoie.quant ot lapel en son frestel.
respont que perrins loie.perrin en ceste het
boie.ont.ne.trop apaistre nostre aignel.
si chante

lus tu estait en on garait.laisse perris
sa proie.quant il sen pait.la proie trait.
es pres iouste la roie.grant ioie fait.si chate
errins sanz plait.rers soi la trait.Et dit
quie cil foloie.qui sans forfait samie lait.et
quant cil pluz dosnoie.roit quel forment la
gnarde prent sa proie.la touse laisse coie.q'
li dit reuien erranment.si chante.
Uant ellongier bile bregier.que ie pas
chier nauoie.sanz atargier li rois proier.
quele del tot soit moie.marz pas ne le mo
troie.car pertin nose corroucier.si chante.
n seul baisier damors li qiuer.mais de</Unicode>
            </TextEquiv>
        </TextRegion>
        <TextRegion orientation="0.0" id="r6" custom="readingOrder {index:3;}">
            <Coords points="3150,150 3150,308 3288,308 3288,150"/>
            <TextLine id="r6l1" custom="readingOrder {index:0;}">
                <Coords points="3140,267 3173,272 3193,261 3218,266 3253,261 3262,271 3274,265 3296,272 3302,169 3290,167 3263,187 3240,194 3203,184 3193,191 3182,187 3168,198 3144,197"/>
                <Baseline points="3150,252 3177,250 3205,251 3232,253 3260,255 3288,258"/>
                <TextEquiv>
                    <Unicode>ics.</Unicode>
                </TextEquiv>
            </TextLine>
            <TextEquiv>
                <Unicode>ics.</Unicode>
            </TextEquiv>
        </TextRegion>
        <MusicRegion id="Music_1603286771255_90" custom="readingOrder {index:4;}">
            <Coords points="295,521 1559,521 1559,671 295,671"/>
        </MusicRegion>
        <MusicRegion id="Music_1603286778030_93" custom="readingOrder {index:5;}">
            <Coords points="293,760 1044,760 1044,912 293,912"/>
        </MusicRegion>
        <ImageRegion id="Image_1603286848055_113" custom="readingOrder {index:6;}">
            <Coords points="1053,892 1527,892 1527,977 1053,977"/>
        </ImageRegion>
        <ImageRegion id="Image_1603286911575_121" custom="readingOrder {index:7;}">
            <Coords points="769,1766 1539,1766 1539,1854 769,1854"/>
        </ImageRegion>
        <ImageRegion id="Image_1603287111204_161" custom="readingOrder {index:8;}">
            <Coords points="1656,890 2069,890 2065,1441 1652,1441"/>
        </ImageRegion>
        <MusicRegion id="Music_1603287135262_166" custom="readingOrder {index:9;}">
            <Coords points="2083,884 2949,884 2949,1102 2083,1102"/>
        </MusicRegion>
        <MusicRegion id="Music_1603287165588_171" custom="readingOrder {index:10;}">
            <Coords points="2075,1181 2951,1181 2951,1366 2075,1366"/>
        </MusicRegion>
        <MusicRegion id="Music_1603287173602_174" custom="readingOrder {index:11;}">
            <Coords points="1727,1446 2951,1446 2951,1608 1727,1608"/>
        </MusicRegion>
    </Page>
</PcGts>
