3538 5268
564 653 1787 748 ne deceuoir:postre plaisir wueill
562 909 1792 1028 en gre receuoir.se bel pous est bien
560 1197 1145 1288 me poez ocirre:
561 1265 1707 1379 rar dos plaisirs ne me puet
554 1372 1770 1452 messeoit.pour ce nen oueill la doleur
563 1442 1698 1533 contredire.marz en chantant pous
577 1528 1790 1618 oueill faire saisoir.ꝯpostre amours
563 1615 1700 1700 mon oors me desatire.qui hors de
550 1697 1742 1792 moi mon cuer sache et descrre.de
558 1773 1743 1880 sir ilait.si en porte pooirtont e
550 1853 1755 1974 poez reiomdre et rasseoir.aro plai
500 1953 1736 2061 sir que autrement nest mie.
501 2036 1779 2159 one dame seurmontee doumor.
518 2115 1783 2231 oez celin qui sanz cuer merci proie.
538 2211 1727 2305 marz ne di pas que soit sanz fmne
531 2296 1785 2413 amout.ainz sui postres en quel lieu
552 2367 1737 2487 que ie soie.marz bone dame se ie
546 2462 1778 2582 dire losoie.trop longnement com
538 2551 1700 2657 per oostre balorr.encor proi dieu
543 2644 1739 2733 quil la rous doint greignour.purz
541 2696 1637 2831 soit de moi questre en puet diez
508 2801 1206 2889 men oie.n i are
732 2877 1747 2991 e me boliez ocirre au par de
535 2955 1726 3068 stont.bone dame bien le oout a
529 3050 1743 3161 prendroie.amc neu la ioie dont ie
537 3137 1725 3251 sin en errour.pis me feroit sassaie
534 3233 1714 3339 lauoie.quar fim seul iour ro son
526 3317 1690 3439 laz assaioie.puiz men degetissiez
523 3421 1707 3521 en lantre iour.lors mauriez dou:
534 3498 1777 3622 blee ma dolours.ne set quest malz
523 3597 1186 3708 qui ia na eue ioie.
1959 883 2966 1034 Oaistre willeaumes li ẏꝯmiers.
2363 1201 3225 1316 oloirs.de faire chancōs
2368 1416 3196 1566 nie muet par telson
1948 1713 3160 1854 uenant.que faire me font cest
1935 1973 3142 2087 chant.cruel.mesdisant. felon.si
2186 2232 3183 2355 pour eus sanz raison.marz
1934 2490 3135 2622 iel farz de cuer dolant.quarane
1924 2716 3092 2841 sunt tel.ne si bon.o doie dire
1920 3003 3114 3112 en chantantLor murtre.et lor
1907 3245 3143 3366 trahison.mieuz aferistsdeist en
1907 3525 3109 3677 plourant:lor mesdit.et lor en
1895 3789 2090 3884 uie.
2114 3850 3096 3974 ant ont fait li mesdisant:
1906 3956 3122 4111 quil siit de si haut renom:ques
