3536 5250
1786 519 2978 597 estre mienz fis.lamour dont ie su es
1760 609 3018 684 pris:proi que men port tesmoignage.
1758 697 2960 762 arz franche rienz ne tenez afola
1746 776 2966 839 ge.ce que seurte pous ai pramis.biē
1782 859 2992 928 sai que nen polez plege nostage.ains
1762 947 3014 1020 bous poise conques men entremis.pour
1776 1035 2956 1107 ce pous proi que naiez en oiltage.ce qͥl
1784 1123 2988 1201 contre uo cuer pous aim et pris.touz
1782 1219 2948 1287 sui arostre deins:fors de gnerpir no
1768 1297 2980 1371 seruage..ees.
1754 1373 2952 1448 par tant i ai tromie douz pastu
1736 1457 2988 1536 rage.que de quant que ie me sin des
1792 1545 2952 1622 saisis.pout pous.cui tout lai doime
1790 1640 2920 1705 dauantage.remez en fui diseteus et
1788 1720 2972 1787 despris.marz mis lai en main de bon
1778 1806 2926 1870 seignorage.qui la manaie en reten
1780 1888 3040 1959 droit enuis.ains men fera pour le pris.
1786 1972 3020 2053 assez amour et oisnage.tn
1804 2058 3002 2130 homas de chastel pou pris quer do
1784 2141 2988 2219 sage.pout ceest mes cuers en loiaute
1792 2237 2998 2304 assis.que teus trait mal.qui qiuert
1800 2313 3302 2392 pis:et fait de pruie saunage.nsmaist.pe.
3000 2417 3300 2481 li winiers.
1840 2556 2974 2647 re damours et doutance.de ma
1916 2800 2988 2895 ioie recouurer.et defaute desperā
1890 3050 2940 3153 ce fait mon chant renoiieler.
1896 3314 2928 3413 se moi comuent consirret.des
1888 3582 2974 3691 biens qne pueill sauourer:dont
1884 3860 2996 3963 ma ele fait samblance.pour ma
422 393 1404 479 maistrewẏisseaume liwiniers
730 686 1558 754 mours grassi si me lo del
678 942 1568 1014 Doutrageqie iai par son
398 1210 1564 1295 encheement empris.silen aun mout
1176 1451 1560 1527 del bel boloit
436 1449 1116 1529 et pris en mon corage.
438 1699 1466 1779 quen mon cuer a assis.tel dont
430 1949 1546 2029 mieuz oueill sorffrir dolour et ra
436 2219 1612 2294 ge.enbon espoit.quatre anz ou.v.
438 2462 1592 2535 ou.vli.questre douitre amours iois.
422 2722 1316 2782 s anus tout mon eage.enͣt
540 2794 1568 2862 par tant ꝯnois la franche rien
406 2872 1542 2943 a sage.en la qui rolente me sui touz
432 2957 1584 3034 mis.que sa li faill.ni puis auoir da
432 3042 1612 3122 mage.seil del espoit paudrai ie mieuz
440 3130 1600 3206 touz dis.marz se pitiez fait qui cruau
416 3216 1492 3291 te guage.que par eur sen damnt
432 3288 1608 3381 meller mereiz:a touz iours marz sui
432 3371 1604 3477 guerrz:cist espoirs me rassoage.Tnts
400 3456 1556 3558 Eens cors clers ois sachiez qua
354 3544 1634 3648 hiretage.siu deuenus postre loiauz a
440 3631 1536 3731 mis.bien me poez de ce croire sanz
420 3727 1572 3831 guage.et nonpourruant gage en a
428 3821 1612 3919 nez ia pris.tel que de mon cuer et de
424 3919 1624 4027 mon homage.et se pos cuers en reut
3160 154 3288 310 Icior
