3552 5268
99 696 344 811 nous li
98 801 258 897 elle.
579 514 1796 614 rienz ne seffroie.par reproner dit chr trop
559 598 1820 695 bilaine seroie.Et pou por ros feroie.mais pl'
577 694 1407 784 ne me rout otroier.si chante.
984 939 1792 1052 or ꝯforter mon corage qui da
987 1219 1767 1323 mors seffroie.lautre ior les
564 1479 1527 1615 on boschage toz seus chenauchoie
1548 1481 1816 1585 pastorele
566 1740 1841 1836 gente et bele.trius et simple et coie.enlerboie
554 1986 1785 2080 qui perdoie repaissoit sa proie.cors ot gent
544 2202 1762 2351 et auenant.bouchepermeille et oel riant.
551 2519 1814 2608 nons sorcis et bien assis.blanc col.et colorc le
547 2738 1803 2886 Uls.quar nature mist sa cure en former tel
533 2995 1839 3101 enfant.Aeo.son frestel son baston prent.acō.
578 3232 1793 3373 chantoit  notoit Je oi benir smmelot
574 3523 1105 3635 parmi le rert bois.
630 3620 1782 3696 oi la touse qui frestele.et demaine ioie.
565 3715 1826 3807 por ce qucle est simple et bele.vers.li tig ma
562 3807 1891 3905 poie.ie li dis ꝯfins amis.touse car soiez moie.
563 3876 1803 3988 la bregiere qui fu fiere durement sesfroie.
502 3975 1809 4106 maintenant samor demant.el dit que nē
1988 524 3212 609 fera noiant.de robm afait ami.qui li a
2001 600 3222 689 ure et pleu.que sa oie dautre attue.na
1989 674 3198 780 uta los ne cri.aco.robins est loiaus amis
1980 775 3204 855 aeo.traiez ros enla.tobins ma de cuer a
1953 836 2568 938 mee si nel lairai ia.
1958 922 3196 1047 entre touse debonatre.preus  sanz
1996 1014 3243 1135 bilenie.ne mi faites plus ꝯtraire.deuenez
1981 1114 3249 1219 martiie.cote notre cest la roite.ne ros don
1977 1217 3148 1319 rai mie.descarlate iert rermeillete.de
1970 1305 3169 1401 rert m partie.cle dit traiez arrier.ni
1979 1396 3220 1493 Vaut hostre dosnoier.iela pris qui fu son
1979 1478 3225 1591 pris.par force soz moi la mis.de manois le
1982 1549 3190 1666 Il francois li fis.amontalant:fouse or est
1987 1657 3228 1755 il autremant.aco.cele crie en haut.serō.
1995 1735 3304 1836 bins ma mal guardee maldehait qui chant.
2408 3424 2956 3588 nous le wiele.
2751 3535 3184 3683 aiz tl
2386 3692 3183 3818 ensis chief enclin.Un matĩ
2437 3863 2609 4005 Et
2330 4006 3250 4104 erroie.les on aubespiti deiou.
