3436 4628
905 498 2013 568 nap sigrant desir que pour sa foẏ de
909 592 2015 656 oie u iousienir confre papens coins qi
912 678 2016 746 tre.Qunt se pape oẏt censi parser se
904 769 2002 838 rop pepuz es qui cogne ust son cour as
900 859 2010 929 ge mouft se remezcia de fouf socueuz
901 950 2011 1018 et fup ai dit.srantrop frescresuien de
898 1040 2016 1110 dieu soẏe z tu Gene is.car de fous auf
905 1130 2008 1202 fres rops fu es fe psus puiss anf en
900 1222 2014 1292 fuit ef encour aqe.et puis que tesse
896 1314 2002 1381 chose fu seusp entrepredre dit pais
899 1405 2004 1472 deronune fer aẏenir.gens a si grant
891 1494 2007 1564 noiiOre pour Seus qcompaigner que
910 1583 2003 1654 seurement pourrez aser et arriuer en
892 1675 1998 1747 gre ce confre ses mnfideses ef enenirs
891 1768 2004 1838 desa soẏ.se papeencesus feps de tout
896 1858 2006 1929 se pars deromie si gr anf paupse qus
905 1948 2007 2020 emssa et fisf crier fa croisee.ceĩt qi
918 2041 2008 2110 cuoir que fout home quis ousdroit
897 2132 2004 2200 ciler en ceẏ:e sal aisse ensommeur desa
903 2223 1990 2295 passs de iesucrist porfer oitone croip
887 2313 1996 2386 et du pape pradie safenedicnis et par
881 2405 1994 2478 donz de fous seurs pechez.en sa cue de
882 2497 1994 2568 romine en peu de semps sasessa grāt
883 2586 1999 2662 iusfifude de peupse pour passer ouf
889 2679 1998 2752 fre sa mer qiuec se rop prpiS.et se pas
885 2770 1994 2844 pe cu departir seur doun sa fenediett
896 2861 1998 2937 ot et cssofutioiz de fous.seurs pechez
895 2953 2000 3028 Einsi print conge se rop pepui du pa
896 3043 1996 3118 peef des cardin quspen soẏ recomans
892 3136 1964 3209 s.nf aus prieres desaincce esgsise.
881 3227 1981 3300 Et auec pẏẏ.Mir oumiauis et tos
878 3320 1998 3389 ceusp de son ost monfa desus sa mer
887 3408 1991 3479 Et tant furz fust se femps acrgre qs
877 3499 1988 3573 Pse que dedens peit de fours soidrent
881 3592 1998 3663 arr fuer a consfanfinosse ef fa Seirēt
882 3683 2002 3755 q se soussan moradinsauoit de fous
887 3773 1996 3845 fes pars encsose ef csie gee.Et ẏces
872 3866 1991 3936 fup soufsoii auoit quec sup amene
2105 498 3220 574 Gint rops sesquesz pour desfruire cre
2115 590 3215 664 Msente auec deus tens inis.paẏens qs
2111 681 3219 754 u oit fa nier passee es fant estoit cefẏ
2112 772 3217 846 fupsoufoan pour sa force cr qinf ef re
2121 865 3215 935 Dous te que sempereur de grece de psit
2129 956 3221 1023 seurs cheu asiers cre ffiens qc ompas
2110 1047 3224 1116 gne deoens conffantinosse auoit son
2106 1136 3213 1208 retr ait prins et sisien gard a sa cite
2109 1223 3171 1298 que du paẏen ne peust estre prinse.
2131 1317 3212 1389 Toussours en soi cour aqe defiroit
2108 1409 3223 1481 et regreftoitsa femne fesfiss ant.Et
2101 1499 3218 1569 su souuenoit du sifu pere quques iē
2107 1590 3217 1660 sauoit fiuree ci fort ef sans raẏsonz ci
2101 1682 3210 1751 foufes pseurs ef samenf afioe piteit
2123 1773 3213 1842 sement sa fauste cognoiss oit et pens
2128 1863 3216 1932 oic quesse fustfu nonde frespasee
2105 1952 3215 2022 Nar sien ẏ quoit smf ans quif nen
2108 2043 3212 2114 cui oit oẏ nouuesses.nais fant ost en
2108 2135 3210 2205 or a parler par se ros pepin qui fanf
2093 2225 3211 2297 naige sur mer que cideusfieues de co
2107 2319 3211 2386 Qant mosse est descendu ef a fait sen
2107 2407 3219 2475 Dre ses tenfes et pauissons parms
2103 2498 3210 2570 ses champe.ef q fait sesges meftre
2093 2591 3205 2660 par moust Besse orē onance.ADonc
2109 2675 3207 2748 furent sescoureus ef c'eu quscheurs
2107 2770 3211 2842 de sosz de moraoin se soufsan moint
2103 2861 3213 2934 espouenfez.Sengr aut disigence"Ders
2127 2953 3213 3024 onz pauisson ret ournerent et sus ont
2111 3047 3217 3116 dist:iisi que ges efrozezet psains
2091 3136 3209 3206 de paour.Sire sous dansoẏez cers
2096 3228 3196 3296 fain que au iour duẏ fur ceste ferre
2118 3319 3214 3388 onf arr iuez romains apfus de deus
2095 3408 3219 3478 cens miis.conis atans pour nous de
2091 3501 3215 3569 ce paẏs chasser ef egpesser aẏonfe ef
2100 3591 3210 3659 conf.son.Si auisez sur ce fait.car
2108 3681 3188 3752 sa chose est dous leuse et si aperis tres
2100 3772 3212 3848 grant.Caisezsous dist se soufs ans
2096 3865 3200 3934 etde ceus pnaẏez dousfe. "Qar is nest
