3436 4628
780 507 1891 584 de semue ne fuff noure ẏne as aiffe. "
776 596 1900 673 t qui soit ferife par ma seur esc'ār
782 689 1896 765 monde ie ses ous puis prouuer.Aar
776 771 1908 853 esse aonc teste oarain lafNe suẏ dist
778 864 1893 948 cf dec'airc ses auenfures ef forfimies
782 955 1906 1037 qui ae sse et a fous ceusp de sa gene'
782 1044 1900 1129 r afionz peuent auenir.dsf ce sse tesie
776 1138 1900 1218 aursi durec iusques a ce que se plus
784 1228 1899 1305 preuz du uonde enfre en la chamsie
788 1314 1903 1397 en quos esse repose. Et quant ieẏse
774 1406 1902 1487 r i entre de cesse seure perdra saforce
778 1501 1911 1579 et sa Sertu.Et cesup doif au ꝯir nia
812 1592 1903 1666 e ur escar monde qui fant est Besse ef
788 1680 1900 1758 plais ante pour femime ef pour espoit
802 1767 1916 1852 le.Pour fant cheuasier ase zen cesse
788 1858 1916 1940 part Ear saẏmoust grant desir que
796 1953 1910 2030 cesse sous aẏez pour senune comne
788 2044 1903 2123 se psus pieus cheitafier de fout se niō
791 2137 1911 2209 de Car tes sous peust on sien recs ai
799 2224 1916 2305 nier ef nomiuer.Et asin de me isseu
791 2312 1906 2395 re cognoiss ance auoit par deuers ess
798 2404 1916 2488 se portez fuẏ ceffus ane au seques air
810 2493 1918 2579 de par tir desie me domna.Et se men
806 2584 1906 2670 prap deuers se rop pepinaSi qpromis
794 2677 1911 2756 Nous cẏ me rendre prisormser ef ma
816 2766 1912 2852 foẏ aequit cer et au ret our de fup oit
796 2857 1912 2939 csase au de uia seur Der ss ous se me
807 2954 1905 3029 renẏrcẏ.Et dores en auant serons
790 3041 1920 3119 niais quif ẏo'psaise soẏ auss et par
813 3132 1914 3212 fais amis ar ianiais de soffre cos
798 3222 1916 3303 paignie ie ne oeus depar fir.Et qunlf
802 3313 1916 3392 se cheu asier Dasenfin enfenoit que
797 3404 1909 3483 se sers cheuasier auoit one seur qui
803 3499 1914 3573 fant estoit de grant de auffe plaine.
812 3586 1916 3664 par se sousoir se dieu se tout puiss
835 3677 1917 3756 anf ef par mncsmacion de nafur esse
801 3769 1916 3852 amour Je fust sesse frappe au cueur
2002 490 3122 568 efesprins de sa De auste fresars' am s
2008 584 3107 659 ment amoureus.Si asoue dieu q
2000 671 3113 746 iamais narresser qi fant que is puisse
2004 763 3117 837 Ne oir sa fesse de qui sa fequste est de
2007 851 3121 929 renonunee siepcessete.Etapres ces
2000 941 3124 1019 chofes se sers ceuafier quide saDer
2006 1034 3120 1108 de mont aigne est oit roẏ couronne.et
2028 1123 3130 1197 ousz sus tenoif grant paps es grg
2011 1211 3116 1290 teneuielis fist crẏer parmp sonz ost q
2007 1304 3127 1380 fous paẏens qui asonz mandement
2017 1396 3117 1472 esroient Genus pour se seruir de uanf
2017 1481 3125 1564 aquit cine de cesie heure senz ref ours
2008 1571 3129 1655 lasenfe:seur pais sans sa ferre dit
2008 1666 3130 1742 duc sauars greuer ne doiumasger en
2015 1754 3123 1833 austune maniere Tinse se deparfiret
2007 1844 3115 1926 papens ef sarr asins qui pour lal prin
2027 1934 3117 2012 e du ẏers cheuasier demenerenf foit
2012 2025 3123 2106 gr ant ducil es grant frissesse.Etsa
2019 2114 3113 2198 lentin et dison comne pris omer le
2015 2209 3124 2286 prurdrēt et se menerenten la cite dac
2012 2301 3118 2377 quit aine.Si ne faust pas demans
2018 2389 3115 2467 Der se gr ant ẏruit c se grant sousas
2020 2477 3120 2559 et fagrant ioẏe et siese qui.paruip
2015 2570 3124 2650 sa cite de grans et de pefis fuss de me
2016 2661 3124 2741 nee Etse duc sauarẏ ci foute sa faro
2009 2752 3124 2832 upe saissirent deuant ses porfes en
2016 2844 3132 2922 moust grant ẏomeur ef friuinpSe a
2011 2935 3124 3012 senconfre de Orson qui se serd ches
2019 3025 3109 3102 uasier auoit conquis et snineu.Et
2019 3116 3136 3194 qu ant se Gers c'eunsier fust deuers
2009 3206 3129 3284 se duc dacquifaine et de uant toufe.
2007 3304 3128 3377 sa cheuaserie is seur adist en cesfe ma
2005 3389 3122 3469 niere. Seigneurs Gien deuez porfer
2017 3480 3130 3557 homeur et reuerence a cesfus cheu cio
2019 3570 3132 3651 fier.Leques par force darmes is ma
2013 3664 3131 3743 connquis etsaincu.Etsiches cer s
2018 3760 3122 3836 taiement que cesupest fiz ce oẏ
