3336 4540
276 451 1349 521 cheualier uaincu et par eulx conquis
267 541 1373 611 sy aiez auis et regard sur ce fait en
271 632 1373 703 moy donnant responce sur vostre in¬
273 720 1379 796 tention et voulente qui soit seure et
265 812 1381 884 certaine. Amy dist le verd cheualier
267 902 1375 973 ie vous donne telle responce de ceste
274 992 1372 1062 heure ie regnye et renonce du tout et
272 1082 1370 1153 delaisse les faulx dieux et prēs pour
269 1171 1369 1242 le demourant de ma vie pour mais¬
273 1260 1368 1335 tre et seruir le vray dieu auquel vo⁹
277 1351 1375 1423 auez creance et en celle foy veul viure
276 1441 1368 1511 et mourir. Et sy vous prometz que
277 1530 1365 1603 deuers le roy pepin comme vostre ­po
276 1619 1356 1692 ure subgect et prisonnier au pl⁹ bref
275 1710 1370 1783 que ie pourray de par vous ie my rē
272 1801 1370 1872 dray. Et deuant sa haulte maieste ie
262 1892 1377 1961 me presenteray. Quant le verd che¬
275 1979 1372 2050 ualier eust fait le serment et promis
269 2071 1377 2140 les choses dessusdictes acomplir, va
276 2161 1365 2231 lentin fist signe a Orson qui le lais¬
273 2248 1379 2322 sast leuer et Orson qui fust saige et
274 2339 1380 2411 bien auise luy osta ses armeures tāt
269 2428 1373 2501 que il ne luy peust plus faire dōmai¬
263 2520 1376 2589 ge. Et quant le verd cheualier fust
279 2609 1366 2680 sur les piedz leue Il parla a Valen
273 2699 1376 2770 tin en disant. Sire cheualier Il me
289 2787 1348 2859 semble que vous estes celluy qui le
271 2881 1358 2952 iour passe eustes bataille auec moy
271 2969 1365 3037 et qui au iour duy deuiez retourner
271 3059 1366 3131 Et cestuy qui ma conquis est celluy
275 3147 1374 3223 qui au palays du duc sauary contre
263 3240 1368 3312 la terre me getta. II est vray dist va
263 3326 1372 3399 lentin cest bien cogneu a vous la cho
283 3415 1368 3487 se est bien veritable mentir ne vous
268 3507 1370 3579 en fault. Or vous diray dist le verd
265 3595 1367 3671 cheualier vne chose de laquelle ie vo⁹
276 3689 1336 3766 prie que vous lacomplisses enuoyez
1479 455 2584 532 cestuy cheualier qui ma conquis par
1484 545 2582 621 deuers ce hault arbre et sy peult oster
1476 633 2582 710 lescu et le blason lequel y est pendu ie
1480 725 2564 800 pourray bien cognoistre que cest cel
1476 812 2569 890 luy par qui ie dois estre conqͥs et vaĩ
1474 903 2581 979 cu. Car de nul aultre ie ne puis en
1464 992 2583 1066 nul champ de bataille estre gaigne ne
1484 1080 2576 1155 conqueste. Adonc valentin fist signe
1476 1174 2570 1245 a orson quil alast deuers larbre pour
1480 1262 2575 1335 querir lescu qui pendu estoit Orson
1475 1353 2567 1426 tira celle part et tout aussi tost quil
1474 1445 2577 1515 aprocha de lescu il estendit son bras
1476 1531 2583 1605 et lescu luy saillit en la main. lequel
1475 1626 2582 1696 il apporta au verd cheualier. et quānt
1479 1712 2582 1786 il vit que orson eust apporte lescu et
1475 1801 2582 1877 que de larbre lauoit destache sans y
1474 1892 2570 1964 auoir fait force ne violence Il reco¬
