3336 4540
228 443 1324 526 etde ropne ef lamais ensuisie de fem
214 532 1322 617 ie ne fut asaite.car si nesfoit aisi is
216 622 1324 705 niais de moẏ coquerir if neuste u foz
216 714 1338 793 ce ne puissance.car ain si is estoit dit
224 803 1336 885 par sa ceste dar ain qmna seur esc' ar s
223 890 1340 975 moude flent en sa chamOre.Par ma
248 982 1336 1061 soẏ dist se duc dacquitaine assez Gie
227 1069 1334 1149 Gous en peust on cr oire ar is afiē
231 1159 1335 1242 nionffre as enconfre des ous sa grant
222 1253 1341 1328 snissance et proesse qui est enfus.ef
229 1339 1333 1422 puis que ensurẏ.Jecognons sa nosse
244 1427 1348 1514 Nar diesse etsesaissant cour aige qui
232 1516 1334 1604 est en fupie surr seus porfer ẏomeur
231 1610 1329 1692 ef reuerece de foufe ma puiss ance.ens
235 1696 1340 1781 disanf ces parosses se duc dacquit ai
235 1785 1350 1875 ne quec foufe sa courf et se sers ches
237 1876 1350 1965 ucisier se ques Oison amenoit prison
225 1965 1340 2058 nier sont entre z enfa sisse cf nontez
229 2055 1332 2143 au pasaẏs.Et qunt iz furef dedens
243 2149 1353 2233 se duc mand a sa fisse fezoimne.puis a
246 2234 1348 2321 oit nia fisse soẏ cẏ se sers cheuasier
246 2321 1348 2413 se ques pour soffre corps coquerir efi
243 2414 1351 2502 quoir soffre amour a fonguemef fe
243 2506 1331 2589 nu sa plus parf de iia ferre ensa sus
243 2597 1350 2681 lecfioi.Et cosien quis ne soit pas de
239 2676 1321 2772 noffre cre ce.foufessois forfuneᷤie s
245 2771 1337 2861 toit cofe aire ef desouszmos ousoir
233 2864 1354 2949 maisfresse en fesse mansere s forie ef
239 2950 1343 3039 sogue attete dauftruẏsee ours auoit
251 3045 1351 3127 cuuoient uiois cueur conframt en tesfe
245 3133 1341 3216 chose ac order.Uiais diei qui est ẏraẏ
250 3221 1343 3306 iuqe sur ce fait cisousu remedier en
245 3310 1349 3397 t fe maniere q de mon eneinz ie suie
247 3402 1349 3485 Senge et seuu au despar ceffuz che
243 3489 1352 3576 u asier seques pars asefin pour Posfre
246 3577 1345 3668 eoips se courir au conge et sicence dit
246 3669 1348 3760 ros pepus dec asous ci fraiis ef euoie
1441 431 2551 509 Di pouez sous cognoistre que desi
1458 518 2545 598 us fous ses qustres us est pieus ẏar
1433 612 2535 687 dẏ etsaissant.Et si cr op q pours ol
1445 699 2535 776 conquerit diei se sous q fransinis.
1436 790 2545 866 Pour tant ma fisse ma seuse esperci
1439 879 2547 956 ce en quigist se seus espoir ef confoit
1437 969 2549 1044 de masie.Auisez ef preue z regard ct
1448 1057 2548 1137 consider afion de sus ce cas.Aar ce
1459 1145 2540 1228 er oif masousente que cesui eussiez
1439 1235 2549 1317 pour mar pesespou se soffre consē
1441 1328 2539 1405 sement ef dousente effoit au mien cil
1451 1419 2544 1495 cois ant.Qar nus austre sa fousenfe
1440 1508 2552 1587 ne doif contr amrdre deuifer en mart
1443 1601 2547 1676 cige ne pres ie par fie quis suẏsoit ag
1447 1689 2552 1766 gre as se.M onseigneur dist " sa pucess
1457 1783 2551 1851 se qui moust fust siers end octrinec et
1450 1866 2549 1946 prouueue de responce sous seauez
1459 1958 2549 2033 que sous estes mon pere ef ie suis So
1461 2052 2552 2122 re fisse siuest pas droit etrapson q
1451 2141 2553 2213 uiop qui iuis seson dseu ef nafure ci
1447 2229 2551 2301 ous susfiecle face uia ẏousenfe ei qe
1451 2319 2551 2391 cons chese.iials suis presie ef appa
1455 2410 2544 2482 r eisse de faire du tout cosfre defiser as
1445 2499 2552 2577 fion ef se ausfrement se sousone faĩs
1444 2591 2551 2660 re ie ne monsferone pas qie fusse s os
1456 2679 2558 2751 stre fisse nafuresse.Aarsous seauez
1452 2771 2531 2842 Bien que sous auez promus de moẏ
1460 2860 2552 2931 domer en ni ariasqe acesun s par foi
1448 2951 2553 3023 ce darmes se fers cheuasser pourroit
1450 3040 2551 3111 conquerir.Si estrem cefus par qui
1451 3129 2539 3203 sa chose est ccopfre du fouten fout.
1451 3220 2544 3292 Etseques a acomplz et parfait se co
1445 3310 2535 3383 tenu de soffre crẏet denoncemient q
1451 3401 2518 3472 Gous auiez fait faire et puosier.si
1445 3490 2546 3564 est sien eaẏson que cesuẏ ie dos prens
1455 3582 2540 3653 die.et s' ai cesur ie sope domee.Et se
1452 3675 2547 3747 auscunenief prendre iene se sousoẏe
