3448 4628
881 473 2000 546 nahez cour age de soffre sie meffre
886 563 2006 639 csauenfure.Nar mseusp aẏme quss
904 651 1989 730 fre qnie sop mesniesen choses enquos
891 744 1997 819 sa oie pent tesse amour neme sems
889 833 2004 910 Pse pas nisfe.mais desordomee.fas
887 923 1998 1001 trop desaissans.gens et de nosses
881 1012 1996 1092 cheu asiers sonf mors pour moẏ dōt
887 1106 1990 1183 dommiasge tr opgrant est de masons
889 1197 1987 1272 gue demouree.Dame ce ditasen'
880 1285 1981 1364 fin de ce me pardonez car cunsi iesaẏ
875 1377 1995 1458 enfre prins.Mheuasier dist fa sesse.
878 1467 1997 1548 Bien sous en puisse prendre.Lors
881 1560 1973 1638 fẏr adeus ane aus doz dont sung ds
867 1650 1991 1729 na aDasetmetfautre aorsoi.puis
901 1741 1980 1818 onf asez asa fasse quecses ausfres
881 1831 1991 1908 quaiforze che uafiers.ou noust fozf
874 1923 1993 1996 not ssemet se duc sauarẏses fist ser
873 2013 1993 2085 uir.mais enfre fous ses austres qui
875 2102 1961 2181 ensa fasse surent sa fesse fe zome des
897 2196 1991 2268 us fous geffoit son regarf sur Ors
909 2287 1987 2361 onef oilonsa regardoit par song de
899 2375 1973 2448 ir damour emẏrase etesprins dung
870 2471 1984 2539 arDat esgrasleuss appefit.Or auit
869 2558 1989 2631 ainsi que ses cheu asiers enfa fasle
893 2650 1978 2721 e se opent.Le sers cheuasier si sint
894 2743 1976 2808 rapper asa porte pour ẏeoir sa bess
867 2832 1957 2901 le fezome Dont fant esprins est oit.
865 2922 1975 2993 Mar isz auoient fait ensemnsse que se
892 3012 1959 3086 duc das qtame et sup q par ong chaS
869 3101 1979 3174 cun iour ẏne fops is pouoit senir ef
866 3191 1980 3266 enfrer ou chasie au ians nus confres
883 3283 1961 3358 oit pour sa sesse fezome De oir a son
872 3375 1973 3448 gre.Et c'onc quant il fut entre Je
894 3466 1982 3537 eserẏa fout en haust Naissant duc
885 3555 1980 3628 dacquitaine aue z sous cSampion q'
895 3647 1969 3719 pour sa desse dae a moncorps se seus
863 3738 1980 3809 se empsoẏer.Oẏ ce aidist se duc anco
857 3831 1973 3902 res aẏ iepslide des ma sase qui pour
2100 486 3199 565 proue sse moffrer asencotre dug cas
2097 577 3212 655 et des ous sont sen'de pfusseus pais
2088 670 3223 745 en ceste terre.Or dist se sers ceuasĩ
2089 757 3201 837 er faictes que ie sopeef que se enfre
2108 847 3203 927 dedens fa sase pour saPeste regarder
2093 938 3210 1014 eufrez ce dit se dut.Aar sicence en cs'
2090 1030 3204 1106 uez.e sers cheuasier enfre ensa sa
2099 1120 3193 1195 se ef regarde ses cheuasiers quisa es
2095 1211 3200 1285 toient.Et quant us ses euf regarde z
2096 1301 3177 1374 is seur dit en ceste maniere.sesgneur s
2085 1392 3203 1466 Puue zef nienge zef faicces sone chie
2094 1482 3208 1556 re car deniannser cisoffre iour senu.
2096 1574 3187 1646 et sachez qtous pendre se sos ferap
2085 1665 3204 1737 au pNẏaust de moi arPre.Lors soit
2091 1753 3207 1825 s as entin q trop fuf mias contet sifut
2089 1843 3203 1917 respond.cheu.ilier de cesse chose dire
2090 1937 3194 2005 Go' pouez garder.Mar cu.iour dup
2095 2024 3207 2098 eit senu q contre sofie cosafra psus
2093 2116 3195 2187 r oide mef que nus austre.Oous en cit
2088 2203 3204 2277 uez psusieurs amort siurez.niais ce
2087 2296 3190 2367 fupest ẏenu quis ous sauzquir a par
2085 2386 3204 2457 champde sat aisse.Or entendit Or
2097 2480 3200 2547 son qde sup on parsoit et si cogneust
2083 2566 3189 2638 que seserd cheuasier estoit cesus par
2082 2660 3190 2728 qsa iousie fust comencee et q cesi oif
2091 2750 3193 2820 cesuẏ par qui fot de che uasiers auef
2075 2840 3201 2911 enf sa mort prise sise regarda mouilt
2107 2930 3189 3000 orf ef puis saissit fois de sa tasse ef
2085 3023 3201 3090 enestr aingnot ses des prit se cheuas
2081 3111 3192 3182 er par ses rais et se charga sur ss cof
2087 3200 3192 3272 ainsi conue is eust faitong enfanf
2084 3291 3194 3362 et quiit u seust charge is regard cong
2083 3382 3188 3452 nuir es geff ai se serd cheuasier encons
2084 3472 3192 3543 fre sirudement que fous ceuss des a
2082 3564 3183 3634 place cuidoient quis eust se col roms
2083 3654 3182 3722 pu.Et quant is seust amnsirue is sen
2076 3747 3196 3815 ref ourna soẏ ase oir asa fasse parms
2090 3843 3196 3908 es copaignos et enrint seur moftr a
