3300 4516
243 441 1335 513 Et quantsasenfi sa seit is asa ses
234 533 1328 604 uers esse engranf reuerence se sasut
239 620 1330 699 supdomm a dis ant deuant fous Sauf
248 709 1338 789 fement Daie de quise sruit et se re
239 800 1332 876 non de feauste coiporesse sur fous
242 891 1324 963 ses dos denafure fast ses cueurs deg
256 977 1323 1050 Duniains confens ef repeust par ong
237 1064 1325 1142 oprrac ompfer ef de qui se regardet
244 1157 1331 1233 feffe contenance.fouse ffeur de nosse
243 1244 1304 1320 cheu aserie respsensissant.Tesur
246 1336 1334 1409 dieu qui fout peusts ous seusse gar
248 1426 1334 1497 " Der es defsenre desissaiz reproche et
238 1513 1337 1590 Gous seusse du sers cheuasier pres
252 1605 1339 1678 seruer ef defsensre.pas nest digne de
243 1694 1314 1768 gosfre corpstoucher nu chiere ef fres
245 1785 1322 1854 honouree dame pfaise sous seauoir
246 1875 1330 1944 que pepu se frespuissant rop de fr as
232 1964 1333 2034 ce par de uers soug nous enuoẏe ef
247 2055 1341 2125 sisos fap piesent du plus hard ẏec
227 2145 1335 2213 s aissant homme qui soifs iuiant sur
227 2236 1321 2303 ferre dame re gardez se.car is ue dous
240 2327 1336 2395 ce homme et sina paour de glaisue
231 2417 1320 2482 fant soif agu ou fien frencSant se is
248 2504 1327 2577 c auoit Gien parser en fout se uionde
225 2595 1305 2664 on ne scaur oit soi pareiffrouuer.M
219 2683 1310 2755 pouez estre seure et croire ferne mef
221 2775 1308 2844 qse ẏers cheu asier cotre suẏne pours
221 2864 1318 2934 r a.iais se rendra confus etsaincu
215 2952 1324 3030 fout aussi fost que afup se cos afr qie
227 3026 1320 3120 Sire dist sa pucesse au puissat roẏ
225 3125 1316 3206 de france se rens cent misse niercẏs.
223 3219 1316 3294 ef aẏous qui auez caf de peine pris
223 3310 1313 3384 pour moẏ.M ais dicfes moẏ iefous
227 3398 1319 3472 prie pourquoẏ quffrement oous ne
228 3489 1314 3560 Sesiez etsafissez ẏone ffement icesuẏ
213 3579 1323 3649 s aissant ẏomme que sers mos ame
214 3667 1317 3740 nez.Qar is esf anterueisses Bien fait
221 3759 1319 3834 et deses nemẏres ien forme dioit
1421 441 2502 514 et hards semGsanf ef crop que se ise
1441 537 2513 603 foit s aigne ef estuue sa chair se sup
1459 626 2514 693 er oit ss anche et tendre.Daine durt
1427 716 2530 784 Dasenfn ianiais ne porfa rose fāt
1437 808 2511 870 que saufre sour pour Seoir sa confes
1436 891 2519 962 nance.esuz seis faire ce laseranses
1443 984 2514 1049 quef i c seffu.Aar cesf fa premiere
1440 1073 2514 1141 rose que lamais porfci.Etsac'ez
1443 1163 2514 1229 que foufnus et sans nusse sesfure
1428 1252 2517 1320 Guit ai par is dont u esf natia chair
1453 1343 2518 1409 siest dure et forfe.sine cr ainf ne sēt
1425 1431 2518 1499 ne froidure foussours en dis aut ces
1430 1521 2522 1590 par osfes sa fesse fezone regad ar foit
1429 1613 2515 1677 orson et ainsi que dieu sousut que ce
1424 1699 2519 1767 mour ef nafure seas omast.esse fust
1426 1788 2511 1859 esprinse de Sison et pointe au cueurr
1434 1876 2514 1949 tresardamnient ef enfre ses austres
1429 1965 2491 2036 que ianiais auoit sein de fup fust q'
1431 2058 2506 2130 pemise daui ours plus que de nus aus
1431 2148 2516 2222 fre et coms ien qui ne fust pas posēẏ
1428 2238 2517 2314 ne sẏ mignonnement sesfu ne siasiss
1439 2329 2512 2404 se conne psusieurs qustres.Tous
1423 2419 2512 2494 feffops on dest comnuneient que is
1428 2515 2505 2583 ue st nussesfaites aniours quant ses
1423 2603 2504 2674 cueurs si ad omenf.Lors quant ẏci
1423 2692 2507 2764 senfin eusf aiusi parse isdist asa pus
1415 2785 2506 2852 cesse fesse quant est de moẏ Jesous
1421 2874 2504 2944 dir cẏ mon cas.Mar sachez que pour
1415 2964 2514 3035 sauiour de sous aforce darmess asf
1426 3055 2499 3127 samment conquerre ie suis senu en
1418 3144 2508 3221 ce sfe parfie.et si ẏ fait serment que
1416 3233 2512 3312 Lauiais enfrance ne ref ourneraẏ faf
1419 3322 2498 3399 que cusers cheuns ier ie me sose com
1418 3412 2504 3493 safu ef esproime mon corps Qar sa
1419 3501 2469 3581 chez que pourfaniour de sousse
1419 3593 2508 3670 mort Jeseus endurer ou se sers che
1419 3680 2507 3759 u asiers qicu ef desco fit sesosamer aẏ
1413 3774 2507 3855 hes as sire dit sa fesse fezone pour mos
