3324 4540
95 3765 123 3918 lea
248 479 1327 558 signes qporfre oit sur son cos fieuss
232 568 1345 647 rroẏs hommes cone sesers cheuci
228 659 1339 735 sier.Adonc se pundrent cous ses che
231 748 1343 825 ui asiers de sa sase ci rire moust fort ef
250 837 1341 913 oire sung as austre.Or est senu cess
233 926 1346 1002 sup par q' se sers cẏeuafier seramiẏs
240 1014 1343 1091 ai desconfiture.Et fe zome perdr a
235 1105 1337 1182 tr op quant u' ne seef parser.car sie n
229 1195 1333 1268 est digne dauoir ẏomeur enfre fous
238 1284 1351 1359 ses pieuspet saisfane.Or regarda
264 1372 1357 1445 e zonne ses manieres ef ses confenis
248 1461 1348 1536 ces de Oison esse fusf au cueur fr ap
233 1553 1343 1627 pee du darf damours par se plaisir
248 1640 1342 1713 de dieu qui ses cueurs des deup de
236 1729 1354 1803 ge ace ens ununa ensefse faconque dit
255 1819 1317 1896 touf a fu pson cour aiqe domna et foul
247 1910 1343 1983 sours auoit desus orson son regard
244 2002 1348 2071 etsapuia s fresardammient que tos
244 2091 1350 2162 ses austres esse ousfi pour cesuẏ ci'
253 2183 1347 2252 u oir pour aniẏ. tuonz pas sans cait
269 2272 1345 2342 e se esse eftoit de son amour es prinse
249 2361 1361 2431 Qar sẏẏaissaiument auoit sarre le
255 2452 1356 2522 Gers cheu asier que a cesse ẏeure Jf
253 2541 1363 2613 seusf fue ef occẏs deuat fous sis eust
248 2634 1348 2706 gousu.Mlais cois ien que sur suz as'
272 2722 1360 2792 ez puiss sce.nus mas pour seure pre
261 2815 1360 2884 ienfe ne suẏ doufut faire.Aar oil dit
249 2905 1349 2972 Pousensiers que nos se cour age.Ias
246 2997 1358 3062 miais ne peust menfir.Aon pourfaf
255 3085 1348 3152 se sers cheuasier repufa ce fast pour
257 3176 1355 3242 frop grant oustr age.et disf fouf en
261 3264 1352 3333 hauit deuant toute.sa compaignie.:
259 3352 1341 3426 Sesꝯneurs ceffuẏ homme sauuaus
246 3444 1341 3510 qe ma fire es de ce n.car ci nioẏ en ses
252 3532 1358 3603 nu sans parser auscuneienf ne dir e
259 3624 1357 3692 mot.esous proniefz ef fap qN qs
254 3713 1358 3778 u oir que demain ai plus macu Je
283 3802 1347 3880 uis homme pour fur.Asin que col
1439 477 2548 546 ses austres ẏprengnenf epeinpse en
1451 569 2545 639 Despit et pour soi oustrage se feraẏ
1443 659 2541 722 Ousg"ͣet seuer ef cu plus Saust de
1448 746 2524 816 fous ses austres qui par moẏ onf es
1456 835 2555 907 te samcus se se seraẏ pendre et estr n
1445 924 2535 993 gler.Orsoi aperceut fie que sesers
1445 1013 2537 1089 cheuasier eftoif de fupmas confent ef
1446 1100 2533 1175 qui se menasoit.si se seucisus et co'
1442 1192 2542 1270 mence a sourseler treffort faisant
1473 1282 2545 1357 igne que se fendemain afupẏoufoit
1452 1370 2548 1446 auoir sat aisse.Eten signiflance Je
1451 1462 2551 1534 prunt son chapperonef ensigne de gat
1441 1552 2547 1629 ge se qefta au ẏers creucafier.Dont
1447 1641 2555 1718 parsa sasenfin ausers cheuasier en
1449 1730 2541 1807 ois ant.Sire seez. Saige que se saus
1449 1819 2543 1893 ucige sous gefte se confre fursous
1455 1910 2545 1983 pouez.penses de se seuer.ALors fust
1455 1998 2537 2072 se sers cheuasier dorgneifet de desa
1445 2091 2539 2166 pit si foif esprins que nus moine res
1455 2182 2527 2256 penoit.Etse duc dacquif asne qui es
1457 2272 2543 2347 toit present su dist " r anc cheuasier
1450 2364 2546 2440 ieẏ qur ci dure saf aisse enfre sous ef
1451 2453 2540 2530 ces fupsanuciqe sime dous ce foif q'
1455 2542 2540 2617 cisupoous napez moust foit afatre
1453 2634 2537 2708 et se tant ẏous pouez faire que iur
1453 2725 2544 2800 fup sous acqueres sictoire siens ol
1457 2814 2542 2885 pourrezsanfer que de fous cheu asĩ
1445 2902 2548 2974 ers socis esfes se pfus preuspet har
1463 2993 2553 3063 ōpet que de nus ne deuez auoir cr ain
1463 3083 2538 3153 te ne dous ce.Etquif soit srap sien
1451 3172 2552 3245 fe sous aiuouffre deuant fous quis
1445 3263 2541 3337 est hardẏ de cueur es de cour age.par
1450 3351 2537 3424 mon dieu dist se cheunsier sers des
1442 3442 2544 3514 moin pourrez sous Seoir ef cognos
1471 3529 2551 3604 fre quefsse serasa puissance.Qar sa
1447 3621 2539 3695 uiais ensa sie du champ ne retours
1451 3711 2525 3784 nerc que pendie ne se face fout au
1456 3806 2564 3884 plus haust des ausires.S ces mosz
