3436 4628
907 441 2004 511 son enfant par la beste sauuaige. Et
876 532 1990 603 cōment elle auoit laisse lautre des¬
881 622 1981 694 soubz vng arbre. Et quant ientēdy
880 716 1985 785 ces paroles ie le menay deuers larbre
890 806 1992 875 ou ie lauoye laisse et la endroit fust
870 864 1982 965 sa douleur doublee et sa douloureu¬
867 954 1994 1054 se destresse acrue. car elle ne trouua
882 1076 1980 1145 point lenfant quelle y auoit laissee.
867 1163 1971 1239 Et ainsi furēt les deux enfans de vo
882 1256 1984 1328 stre bonne seur perdus en la forest. et
876 1350 1978 1414 aultres nouuelles ie nen scay. Et se
857 1438 1962 1509 vous doubtez de ceste chose pour pl⁹
867 1530 1964 1594 grāt cognoissance en auoir sachez si
853 1618 1966 1686 re que ie suis blandimain. et suis ce¬
868 1709 1976 1779 luy qui tout seul fus baille pour acō
857 1801 1979 1869 paigner madame bellissāt quāt par
860 1891 1972 1961 lempereur elle fut en exil enuoyee. he
852 1982 1980 2051 las blādimain dist le roy vostre par
860 2068 1970 2143 ler me donne tristesse et desplaisance
864 2162 1966 2232 quant de ma seur ne puis scauoir le
862 2251 1972 2325 lieu ou elle demeure ne de ses deux en
873 2343 1948 2416 fās avoir certaine cognoissāce. mais
851 2433 1971 2505 puis que aultre chose ie nē puis sca
859 2521 1962 2596 uoir. dites moy sil y a long temps q̄
857 2592 1972 2685 ma seur de ces deux enfans ē my la fo
848 2702 1972 2777 rest elle acoucha. Sire dist blandi¬
847 2796 1968 2869 main ce fust a celuy propre iour que
848 2883 1956 2957 vous me trouuastes dedens la forest
854 2978 1962 3051 dorleans et que ie vous dy les piteu¬
875 3067 1967 3136 ses nouuelles de lexil et vituperable
860 3157 1973 3232 blasme de ma souueraine dame vo¬
862 3251 1968 3319 stre seur bellissant. quant le Roy pe
856 3344 1966 3411 pin entendit les paroles de blandi¬
847 3432 1964 3500 main il fut moult pensif en son cou
844 3523 1962 3592 rage. et ainsi quil estoit en pēsee grā
861 3614 1972 3681 de il luy ala souuenir de valentin le¬
858 3705 1964 3771 quel a celuy iour il auoit trouue de¬
848 3797 1957 3866 dens le bois. et de orson qui par luy
2105 451 3211 523 en celuy bois auoit este cōquis pour
2099 539 3220 614 ceste chose fut en melencolye moult
2103 634 3208 704 grande. et quant il eust cōsidere tout
2091 721 3203 792 il cogneust par les ditz de blādimain
2083 809 3205 883 quilz estoient filz de sa seur bellissāt
2119 901 3197 973 Il manda la royne berthe sa femme
2089 992 3208 1064 et plusieurs aultres seigneurs et da
2087 1082 3203 1153 mes de sa court pour leur dire et de¬
2088 1172 3200 1242 clairer les nouuelles que blādimain
2078 1261 3208 1332 luy auoit aporte. Helas dist Il sei¬
2088 1354 3203 1425 gneurs iay tenu et nourry lōguemēt
2089 1443 3203 1514 en ma mayson ainsy que poures en¬
2099 1534 3203 1605 fans et impourueux ceulx qui sont
2099 1623 3200 1697 filz de roy et de royne et mes propres
2073 1713 3200 1785 nepueux. cest valentin lequel en la fo
2070 1804 3187 1876 rest dorleans ie trouuay que par ma
2091 1895 3181 1967 seur bellissant ou temps de sa fortu
2075 1986 3196 2054 ne et auersite en celuy boys fust en¬
2081 2075 3197 2145 sante. Et si vous fay assauoir que
2076 2166 3191 2237 orson le sauuaige qui par luy a este
2069 2255 3187 2325 conquis. ainsi comme ie puis enten¬
2087 2345 3195 2417 dre est son droit frere naturel. de tel
2078 2436 3189 2506 les nouuelles oyr fust la royne ber¬
2069 2525 3187 2597 the moult ioyeuse. Et aussi furent
2076 2618 3200 2689 tous les seigneurs barons et cheua
2063 2706 3178 2780 liers de la court. La furent presens
2066 2796 3187 2867 les deus ennemis mortelz de valētin
2075 2887 3179 2957 cestoient hauffroy et henry qui de sē¬
2062 2980 3172 3053 blance monstroient chiere moult ioy
2071 3069 3173 3139 euse. mais au cueur et en courage es
2073 3161 3186 3229 toient tristes et dolens. car sur tou¬
2076 3252 3186 3322 tes choses desiroient la mort de va
2076 3342 3182 3414 lentin. Pour et afin que de charlot
2071 3431 3182 3502 leur petit frere Ilz peussent faire a
2069 3524 3170 3591 leur apetit et voulente desordonnee
2065 3614 3180 3684 Auquel ilz furent moult contraires
2074 3705 3175 3772 comme vous ores cy apres. Or fust
2067 3800 3184 3866 blandimain moult fortes merueille
