<?xml version="1.0" encoding="UTF-8" standalone="yes"?>
<PcGts xmlns="http://schema.primaresearch.org/PAGE/gts/pagecontent/2013-07-15" xmlns:xsi="http://www.w3.org/2001/XMLSchema-instance" xsi:schemaLocation="http://schema.primaresearch.org/PAGE/gts/pagecontent/2013-07-15 http://schema.primaresearch.org/PAGE/gts/pagecontent/2013-07-15/pagecontent.xsd">
    <Metadata>
        <Creator>prov=University of Rostock/Institute of Mathematics/CITlab|PLANET AI GmbH/Gundram Leifert/gundram.leifert@planet-ai.de:name=HIMANIS Chancery M1+(htr_id=12423)::::v=2.6.6
prov=University of Rostock/Institute of Mathematics/CITlab|PLANET AI GmbH/Tobias Gruening/tobias.gruening@planet-ai.de:name=de.uros.citlab.module.baseline2polygon.B2PSeamMultiOriented:v=2.6.6
prov=University of Rostock/Institute of Mathematics/CITlab|PLANET AI GmbH/Gundram Leifert/gundram.leifert@planet-ai.de:name=Model_1_HTR(htr_id=14910)::::v=2.6.6
prov=University of Rostock/Institute of Mathematics/CITlab|PLANET AI GmbH/Tobias Gruening/tobias.gruening@planet-ai.de:name=de.uros.citlab.module.baseline2polygon.B2PSeamMultiOriented:v=2.6.6
prov=University of Rostock/Institute of Mathematics/CITlab|PLANET AI GmbH/Gundram Leifert/gundram.leifert@planet-ai.de:name=Gothic_Book_Scripts_XIII-XV_M4(htr_id=19285)::::v=2.6.6
prov=University of Rostock/Institute of Mathematics/CITlab|PLANET AI GmbH/Tobias Gruening/tobias.gruening@planet-ai.de:name=de.uros.citlab.module.baseline2polygon.B2PSeamMultiOriented:v=2.6.6
prov=University of Rostock/Institute of Mathematics/CITlab|PLANET AI GmbH/Tobias Gruening/tobias.gruening@planet-ai.de:name=/net_tf/LA73_249_0mod360.pb:de.uros.citlab.segmentation.CITlab_LA_ML:v=2.6.5
NCSR AddBaselinesToPolygons Tool, v1.0 (11_04_2017)</Creator>
        <Created>2020-01-24T05:47:51</Created>
        <LastChange>2020-03-06T14:08:49.592+01:00</LastChange>
        <TranskribusMetadata docId="336663" pageId="13274530" pageNr="1" tsid="24965113" status="IN_PROGRESS" userId="10500" imgUrl="https://files.transkribus.eu/Get?id=OBERMRXWHIRFXQADUWKXHLKJ&amp;fileType=view" xmlUrl="https://files.transkribus.eu/Get?id=YZCRGRJPLQQELOCIKOXPYVXX" imageId="8066123"/>
    </Metadata>
    <Page imageFilename="336663_0001_13274530.jpg" imageWidth="7202" imageHeight="5411">
        <ReadingOrder>
            <OrderedGroup id="ro_1633103336042" caption="Regions reading order">
                <RegionRefIndexed index="0" regionRef="r6"/>
                <RegionRefIndexed index="1" regionRef="r7"/>
                <RegionRefIndexed index="2" regionRef="r8"/>
            </OrderedGroup>
        </ReadingOrder>
        <TextRegion orientation="0.0" id="r6" custom="readingOrder {index:0;}">
            <Coords points="876,544 876,4032 2208,4032 2208,544"/>
            <TextLine id="r6l1" custom="readingOrder {index:0;}">
                <Coords points="1014,625 1914,596 2142,627 2142,485 1554,503 1491,545 1245,493 1014,520"/>
                <Baseline points="1028,594 1083,592 1138,590 1193,588 1248,586 1303,586 1358,584 1413,584 1468,584 1523,584 1578,584 1633,584 1688,584 1743,586 1798,586 1853,588 1908,588 1963,590 2018,590 2073,592 2128,592"/>
                <TextEquiv>
                    <Unicode>pro ipso ad mandactura detineatur ecclesie don</Unicode>
                </TextEquiv>
            </TextLine>
            <TextLine id="r6l2" custom="readingOrder {index:1;}">
                <Coords points="1023,709 1093,679 2143,687 2143,627 2038,602 1024,622"/>
                <Baseline points="1038,676 1092,674 1147,671 1201,670 1256,668 1310,668 1365,668 1419,668 1474,668 1528,668 1583,668 1637,668 1692,670 1746,670 1801,672 1855,672 1910,674 1964,674 2019,674 2073,675 2128,676"/>
                <TextEquiv>
                    <Unicode>hummodi negocium tminetur Aclhee</Unicode>
                </TextEquiv>
            </TextLine>
            <TextLine id="r6l3" custom="readingOrder {index:2;}">
                <Coords points="1034,779 1306,808 1367,773 1639,806 1721,776 1798,813 1916,778 1970,809 2162,784 2163,673 2085,717 1545,679 1502,711 1326,679 1034,713"/>
                <Baseline points="1050,760 1104,760 1159,760 1214,760 1269,760 1324,760 1379,760 1434,760 1489,760 1544,762 1599,762 1653,762 1708,762 1763,764 1818,764 1873,764 1928,766 1983,768 2038,768 2093,771 2148,772"/>
                <TextEquiv>
                    <Unicode>quara luper huju mte Poteunt Cabietatel</Unicode>
                </TextEquiv>
            </TextLine>
            <TextLine id="r6l4" custom="readingOrder {index:3;}">
                <Coords points="1024,877 2122,891 2158,882 2159,786 1025,787"/>
                <Baseline points="1038,852 1093,851 1148,850 1203,850 1259,850 1314,850 1369,851 1425,852 1480,852 1535,852 1591,852 1646,854 1701,854 1756,854 1812,856 1867,856 1922,858 1978,858 2033,859 2088,860 2144,860"/>
                <TextEquiv>
                    <Unicode>oillienttate ouri omni ad aplice lecril</Unicode>
                </TextEquiv>
            </TextLine>
            <TextLine id="r6l5" custom="readingOrder {index:4;}">
                <Coords points="1022,976 1626,986 1704,953 2019,998 2157,956 2157,884 1845,905 1698,863 1503,899 1398,865 1341,901 1143,862 1022,904"/>
                <Baseline points="1038,948 1093,948 1148,948 1203,948 1258,946 1314,946 1369,946 1424,946 1479,946 1534,946 1590,948 1645,948 1700,948 1755,948 1810,948 1866,948 1921,948 1976,948 2031,948 2086,948 2142,946"/>
                <TextEquiv>
                    <Unicode>vnclicium reberantur, ne vorte quod mubtil</Unicode>
                </TextEquiv>
            </TextLine>
            <TextLine id="r6l6" custom="readingOrder {index:5;}">
                <Coords points="1039,1056 1693,1087 2155,1052 2128,977 1039,969"/>
                <Baseline points="1054,1046 1108,1044 1162,1044 1216,1044 1271,1044 1325,1044 1379,1044 1434,1044 1488,1044 1542,1044 1597,1044 1651,1044 1705,1044 1759,1044 1814,1043 1868,1042 1922,1042 1977,1042 2031,1042 2085,1040 2140,1040"/>
                <TextEquiv>
                    <Unicode>lumptibus t Laboribril, elt per actur per</Unicode>
                </TextEquiv>
            </TextLine>
            <TextLine id="r6l7" custom="readingOrder {index:6;}">
                <Coords points="1023,1135 1912,1177 2170,1138 2169,1072 1023,1069"/>
                <Baseline points="1038,1130 1093,1130 1149,1130 1205,1130 1261,1130 1317,1130 1372,1130 1428,1130 1484,1130 1540,1130 1596,1130 1651,1130 1707,1130 1763,1130 1819,1130 1875,1130 1930,1130 1986,1128 2042,1128 2098,1126 2154,1124"/>
                <TextEquiv>
                    <Unicode>alicurul inlolenciam vel maliciam.</Unicode>
                </TextEquiv>
            </TextLine>
            <TextLine id="r6l9" custom="readingOrder {index:7;}">
                <Coords points="1026,1265 1083,1247 1101,1263 1156,1245 1218,1254 1264,1236 1342,1255 1363,1240 1468,1246 1468,1162 1438,1159 1411,1180 1369,1162 1318,1170 1291,1146 1234,1170 1027,1139"/>
                <Baseline points="1042,1228 1067,1226 1093,1226 1119,1224 1145,1224 1170,1223 1196,1222 1222,1222 1248,1222 1273,1222 1299,1222 1325,1224 1351,1224 1376,1224 1402,1226 1428,1229 1454,1232"/>
                <TextEquiv>
                    <Unicode>Alloluatur.</Unicode>
                </TextEquiv>
            </TextLine>
            <TextLine id="line_1579884913633_87" custom="readingOrder {index:8;}">
                <Coords points="1254,1433 1299,1408 1353,1441 1413,1408 1671,1433 1899,1399 2097,1425 2154,1403 2154,1319 1896,1309 1824,1348 1773,1316 1638,1319 1569,1350 1418,1276 1317,1342 1253,1331"/>
                <Baseline points="1268,1405 1561,1407 1824,1401 1991,1401 2138,1405"/>
                <TextEquiv>
                    <Unicode>nno ab incarnacione nbi M.</Unicode>
                </TextEquiv>
            </TextLine>
            <TextLine id="line_1579884964648_103" custom="readingOrder {index:9;}">
                <Coords points="1256,1527 1925,1497 2126,1524 2153,1518 2153,1407 2006,1428 1901,1398 1766,1438 1601,1408 1484,1442 1436,1406 1355,1442 1298,1409 1256,1433"/>
                <Baseline points="1270,1494 1433,1501 1546,1497 1693,1496 1859,1494 1993,1496 2137,1497"/>
                <TextEquiv>
                    <Unicode>ce xv. celebrata elt lea m</Unicode>
                </TextEquiv>
            </TextLine>
            <TextLine id="r6l12" custom="readingOrder {index:10;}">
                <Coords points="1040,1588 2142,1589 2142,1523 2091,1505 1241,1537 1040,1495"/>
                <Baseline points="1054,1574 1107,1574 1161,1574 1214,1572 1268,1572 1322,1572 1375,1572 1429,1572 1482,1572 1536,1572 1590,1572 1643,1571 1697,1571 1750,1572 1804,1572 1858,1572 1911,1572 1965,1573 2018,1574 2072,1575 2126,1576"/>
                <TextEquiv>
                    <Unicode>al yvodul comme in ecclesia lccir labrato</Unicode>
                </TextEquiv>
            </TextLine>
            <TextLine id="r6l14" custom="readingOrder {index:11;}">
                <Coords points="1039,1666 1225,1711 1360,1665 1798,1709 2143,1670 2143,1589 1675,1620 1594,1587 1450,1617 1039,1588"/>
                <Baseline points="1054,1664 1107,1662 1161,1662 1215,1660 1268,1660 1322,1660 1376,1660 1429,1660 1483,1658 1537,1658 1591,1658 1644,1658 1698,1658 1752,1658 1805,1659 1859,1660 1913,1660 1966,1660 2020,1660 2074,1659 2128,1658"/>
                <TextEquiv>
                    <Unicode> qui coltantimana vocatur Merle no</Unicode>
                </TextEquiv>
            </TextLine>
            <TextLine id="line_1579885017392_124" custom="readingOrder {index:12;}">
                <Coords points="1043,1767 1493,1775 1547,1730 1685,1793 1844,1760 2144,1802 2168,1661 1985,1670 1922,1712 1430,1667 1238,1712 1043,1695"/>
                <Baseline points="1058,1755 1316,1760 1533,1758 1718,1762 1876,1757 2034,1754 2139,1760 2152,1758"/>
                <TextEquiv>
                    <Unicode>nemibre, liderito domino mnoce iii.</Unicode>
                </TextEquiv>
            </TextLine>
            <TextLine id="line_1579885026389_129" custom="readingOrder {index:13;}">
                <Coords points="1522,1801 1537,1801 1549,1794 1579,1796 1582,1793 1606,1792 1605,1756 1590,1756 1565,1733 1556,1737 1537,1720 1534,1723 1519,1723"/>
                <Baseline points="1536,1792 1592,1790"/>
                <TextEquiv>
                    <Unicode>lui</Unicode>
                </TextEquiv>
            </TextLine>
            <TextLine id="line_1579885041760_134" custom="readingOrder {index:14;}">
                <Coords points="1048,1882 1384,1848 1468,1895 1852,1848 1984,1887 2155,1856 2155,1799 1845,1761 1533,1799 1341,1752 1224,1791 1047,1780"/>
                <Baseline points="1061,1851 1265,1848 1468,1843 1622,1841 1836,1849 1970,1841 2139,1846"/>
                <TextEquiv>
                    <Unicode>Pr. Pontilicatus anno xxiij. inqua</Unicode>
                </TextEquiv>
            </TextLine>
            <TextLine id="r6l17" custom="readingOrder {index:15;}">
                <Coords points="1036,1954 1804,1973 2029,1938 2104,1975 2158,1954 2159,1888 1850,1850 1465,1893 1367,1847 1036,1888"/>
                <Baseline points="1052,1926 1106,1927 1161,1928 1215,1928 1270,1928 1325,1930 1379,1930 1434,1930 1488,1932 1543,1932 1598,1932 1652,1932 1707,1934 1761,1934 1816,1934 1871,1934 1925,1934 1980,1932 2034,1932 2089,1932 2144,1930"/>
                <TextEquiv>
                    <Unicode>stuerunt episcopi cccc xxii. Inter quol ex</Unicode>
                </TextEquiv>
            </TextLine>
            <TextLine id="r6l18" custom="readingOrder {index:16;}">
                <Coords points="1040,2040 1535,2056 1580,2023 1709,2075 2202,2046 2202,1962 2028,1937 1776,1977 1041,1953"/>
                <Baseline points="1056,2012 1112,2012 1169,2012 1225,2014 1282,2014 1339,2014 1395,2014 1452,2014 1508,2016 1565,2016 1622,2016 1678,2016 1735,2016 1791,2018 1848,2018 1905,2018 1961,2018 2018,2020 2074,2020 2131,2020 2188,2022"/>
                <TextEquiv>
                    <Unicode>tterut de preciperiit Patriarehil duo</Unicode>
                </TextEquiv>
            </TextLine>
            <TextLine id="line_1579885075020_146" custom="readingOrder {index:17;}">
                <Coords points="1036,2157 1403,2118 1495,2152 1574,2113 2197,2154 2198,2049 1964,2032 1709,2075 1676,2042 1289,2060 1157,2017 1037,2058"/>
                <Baseline points="1050,2108 2183,2117"/>
                <TextEquiv>
                    <Unicode>indelicet quiltantinos Merololunta</Unicode>
                </TextEquiv>
            </TextLine>
            <TextLine id="line_1579885093329_151" custom="readingOrder {index:18;}">
                <Coords points="1034,2225 1385,2243 1539,2205 1601,2244 1743,2215 2087,2245 2166,2212 2166,2140 2055,2133 1677,2152 1593,2115 1497,2153 1404,2117 1035,2162"/>
                <Baseline points="1050,2202 1472,2204 1778,2208 2046,2210 2152,2204"/>
                <TextEquiv>
                    <Unicode>mil amtrochenur à grani langore de</Unicode>
                </TextEquiv>
            </TextLine>
            <TextLine id="r6l21" custom="readingOrder {index:19;}">
                <Coords points="1052,2306 1586,2336 2063,2302 2102,2332 2192,2312 2193,2231 1052,2228"/>
                <Baseline points="1068,2284 1123,2286 1178,2286 1234,2286 1289,2287 1345,2288 1400,2288 1455,2288 1511,2288 1566,2288 1622,2288 1677,2288 1732,2288 1788,2290 1843,2290 1899,2290 1954,2290 2009,2290 2065,2290 2120,2290 2176,2290"/>
                <TextEquiv>
                    <Unicode>enl nenire  Potuit milit pro</Unicode>
                </TextEquiv>
            </TextLine>
            <TextLine id="r6l24" custom="readingOrder {index:20;}">
                <Coords points="1047,2412 1594,2384 2212,2421 2185,2301 1939,2333 1048,2313"/>
                <Baseline points="1062,2380 1118,2380 1175,2380 1232,2378 1288,2378 1345,2378 1402,2378 1458,2378 1515,2378 1572,2378 1629,2378 1685,2378 1742,2378 1799,2378 1855,2379 1912,2380 1969,2380 2025,2380 2082,2382 2139,2382 2196,2384"/>
                <TextEquiv>
                    <Unicode>le icaria anteraderum episcopum, A lexa</Unicode>
                </TextEquiv>
            </TextLine>
            <TextLine id="r6l25" custom="readingOrder {index:21;}">
                <Coords points="1041,2493 1278,2516 1335,2477 1467,2519 1548,2479 2094,2513 2178,2483 2178,2417 1515,2425 1377,2384 1041,2415"/>
                <Baseline points="1056,2470 1111,2470 1166,2472 1222,2472 1277,2472 1333,2472 1388,2472 1443,2470 1499,2470 1554,2470 1610,2470 1665,2470 1720,2468 1776,2468 1831,2468 1887,2468 1942,2468 1997,2468 2053,2468 2108,2470 2164,2470"/>
                <TextEquiv>
                    <Unicode>drimus, non lub dominio larraceniorum</Unicode>
                </TextEquiv>
            </TextLine>
            <TextLine id="r6l28" custom="readingOrder {index:22;}">
                <Coords points="1047,2597 1248,2569 1653,2606 1749,2570 1848,2602 2010,2566 2158,2595 2136,2499 1047,2489"/>
                <Baseline points="1062,2558 1116,2558 1170,2560 1224,2560 1278,2560 1332,2561 1386,2562 1440,2562 1494,2562 1548,2562 1602,2562 1656,2562 1710,2560 1764,2560 1818,2560 1872,2559 1926,2558 1980,2556 2034,2556 2088,2554 2142,2552"/>
                <TextEquiv>
                    <Unicode>ulttartu tecit quod potuit mtteri</Unicode>
                </TextEquiv>
            </TextLine>
            <TextLine id="r6l29" custom="readingOrder {index:23;}">
                <Coords points="1053,2697 1257,2662 1365,2695 2208,2662 2163,2590 2013,2564 1968,2601 1749,2569 1668,2606 1317,2608 1191,2570 1053,2598"/>
                <Baseline points="1068,2654 1124,2654 1180,2654 1236,2654 1292,2654 1349,2654 1405,2653 1461,2652 1517,2652 1573,2650 1630,2650 1686,2650 1742,2648 1798,2648 1854,2648 1911,2648 1967,2648 2023,2648 2079,2648 2135,2650 2192,2650"/>
                <TextEquiv>
                    <Unicode>per le guranum suum diaconum pma</Unicode>
                </TextEquiv>
            </TextLine>
            <TextLine id="r6l31" custom="readingOrder {index:24;}">
                <Coords points="1056,2756 2163,2779 2199,2771 2200,2663 2089,2701 1846,2662 1750,2697 1057,2696"/>
                <Baseline points="1072,2732 1127,2736 1183,2736 1238,2738 1294,2739 1350,2740 1405,2740 1461,2740 1516,2740 1572,2740 1628,2742 1683,2742 1739,2742 1794,2742 1850,2742 1906,2742 1961,2744 2017,2744 2072,2746 2128,2747 2184,2750"/>
                <TextEquiv>
                    <Unicode>tel aut imetropolitamu rex aruil</Unicode>
                </TextEquiv>
            </TextLine>
            <TextLine id="r6l32" custom="readingOrder {index:25;}">
                <Coords points="1054,2869 1981,2844 2155,2893 2156,2770 1844,2796 1718,2757 1054,2758"/>
                <Baseline points="1070,2832 1123,2832 1177,2830 1230,2830 1284,2829 1338,2828 1391,2828 1445,2828 1498,2828 1552,2828 1606,2828 1659,2828 1713,2829 1766,2830 1820,2830 1874,2830 1927,2832 1981,2832 2034,2832 2088,2834 2142,2834"/>
                <TextEquiv>
                    <Unicode>letru Abbel it porel ultra, . cccc. pr</Unicode>
                </TextEquiv>
            </TextLine>
            <TextLine id="r6l35" custom="readingOrder {index:26;}">
                <Coords points="1052,2952 2183,2943 2183,2901 2027,2850 1052,2868"/>
                <Baseline points="1066,2920 1121,2919 1176,2918 1231,2918 1286,2918 1341,2916 1396,2916 1451,2916 1506,2916 1561,2914 1617,2914 1672,2914 1727,2914 1782,2914 1837,2914 1892,2916 1947,2916 2002,2917 2057,2918 2112,2920 2168,2922"/>
                <TextEquiv>
                    <Unicode>curatorum non arthiodiatoriorum episcoporum</Unicode>
                </TextEquiv>
            </TextLine>
            <TextLine id="r6l36" custom="readingOrder {index:27;}">
                <Coords points="1047,3021 1281,3018 1407,3060 1698,3021 1776,3066 1839,3020 2172,3026 2172,2942 1046,2955"/>
                <Baseline points="1060,3006 1114,3006 1169,3006 1224,3006 1279,3006 1334,3004 1388,3004 1443,3004 1498,3004 1553,3004 1608,3002 1662,3002 1717,3002 1772,3002 1827,3002 1882,3004 1936,3004 1991,3004 2046,3006 2101,3007 2156,3008"/>
                <TextEquiv>
                    <Unicode>abbatum priorum it capulorum ablenti</Unicode>
                </TextEquiv>
            </TextLine>
            <TextLine id="r6l39" custom="readingOrder {index:28;}">
                <Coords points="1047,3104 1182,3140 2208,3126 2208,3015 1926,3054 1839,3021 1773,3066 1281,3017 1047,3047"/>
                <Baseline points="1062,3092 1118,3094 1175,3094 1231,3096 1288,3096 1344,3098 1401,3098 1457,3098 1514,3098 1570,3098 1627,3098 1683,3098 1740,3098 1796,3098 1853,3098 1909,3096 1966,3096 2022,3096 2079,3096 2135,3096 2192,3096"/>
                <TextEquiv>
                    <Unicode>ar  uit cercul i cophenbal</Unicode>
                </TextEquiv>
            </TextLine>
            <TextLine id="r6l40" custom="readingOrder {index:29;}">
                <Coords points="1056,3218 2178,3219 2178,3114 2139,3108 1944,3141 1056,3107"/>
                <Baseline points="1070,3180 1124,3182 1179,3182 1234,3182 1288,3182 1343,3184 1398,3184 1452,3184 1507,3184 1562,3184 1617,3186 1671,3186 1726,3186 1781,3186 1835,3186 1890,3186 1945,3186 1999,3186 2054,3185 2109,3184 2164,3184"/>
                <TextEquiv>
                    <Unicode>egatorum non regis licilie inromanorum</Unicode>
                </TextEquiv>
            </TextLine>
            <TextLine id="r6l41" custom="readingOrder {index:30;}">
                <Coords points="1039,3315 1567,3291 1726,3323 1888,3286 2065,3315 2170,3299 2169,3209 1038,3225"/>
                <Baseline points="1052,3270 1107,3272 1162,3272 1217,3272 1272,3272 1328,3272 1383,3272 1438,3272 1493,3272 1548,3270 1604,3270 1659,3270 1714,3268 1769,3268 1824,3268 1880,3266 1935,3266 1990,3266 2045,3266 2100,3268 2156,3268"/>
                <TextEquiv>
                    <Unicode>imparatorem electuimparatoris qultant</Unicode>
                </TextEquiv>
            </TextLine>
            <TextLine id="r6l42" custom="readingOrder {index:31;}">
                <Coords points="1057,3392 2224,3396 2224,3312 2131,3285 2065,3315 1057,3308"/>
                <Baseline points="1072,3358 1128,3360 1185,3362 1242,3364 1299,3364 1356,3364 1412,3364 1469,3364 1526,3362 1583,3362 1640,3360 1696,3358 1753,3358 1810,3356 1867,3356 1924,3356 1980,3358 2037,3359 2094,3362 2151,3365 2208,3370"/>
                <TextEquiv>
                    <Unicode>nopolitami regii trancie regis Angerlie</Unicode>
                </TextEquiv>
            </TextLine>
            <TextLine id="r6l43" custom="readingOrder {index:32;}">
                <Coords points="1048,3487 1156,3518 1519,3468 1594,3504 1939,3466 2146,3497 2182,3491 2183,3416 1772,3373 1676,3408 1048,3397"/>
                <Baseline points="1064,3454 1119,3455 1174,3456 1229,3458 1284,3458 1340,3460 1395,3460 1450,3460 1505,3460 1560,3460 1616,3460 1671,3458 1726,3458 1781,3458 1836,3458 1892,3458 1947,3458 2002,3460 2057,3460 2112,3462 2168,3462"/>
                <TextEquiv>
                    <Unicode>regil hungarie regil eterololumta</Unicode>
                </TextEquiv>
            </TextLine>
            <TextLine id="r6l44" custom="readingOrder {index:33;}">
                <Coords points="1054,3589 1327,3568 1477,3602 1543,3569 1777,3608 1969,3564 2167,3597 2167,3474 1996,3504 1942,3465 1621,3506 1300,3481 1171,3514 1054,3480"/>
                <Baseline points="1068,3554 1122,3556 1176,3558 1230,3558 1284,3558 1339,3560 1393,3560 1447,3560 1501,3558 1555,3558 1610,3558 1664,3558 1718,3558 1772,3558 1826,3558 1881,3558 1935,3558 1989,3558 2043,3560 2097,3561 2152,3564"/>
                <TextEquiv>
                    <Unicode> regil cipri regil arrogoni.  no</Unicode>
                </TextEquiv>
            </TextLine>
            <TextLine id="r6l45" custom="readingOrder {index:34;}">
                <Coords points="1050,3658 2154,3685 2155,3595 1969,3563 1831,3604 1051,3589"/>
                <Baseline points="1064,3642 1117,3644 1171,3644 1225,3646 1279,3646 1333,3647 1386,3648 1440,3648 1494,3648 1548,3648 1602,3648 1655,3650 1709,3650 1763,3650 1817,3650 1871,3650 1924,3650 1978,3652 2032,3652 2086,3652 2140,3654"/>
                <TextEquiv>
                    <Unicode>avorum principum  magnatum civita</Unicode>
                </TextEquiv>
            </TextLine>
            <TextLine id="r6l46" custom="readingOrder {index:35;}">
                <Coords points="1046,3750 2178,3758 2178,3671 1941,3703 1815,3669 1047,3684"/>
                <Baseline points="1062,3736 1117,3735 1172,3734 1227,3734 1282,3734 1337,3734 1392,3736 1447,3736 1502,3738 1557,3738 1613,3740 1668,3740 1723,3740 1778,3742 1833,3742 1888,3742 1943,3742 1998,3742 2053,3740 2108,3739 2164,3736"/>
                <TextEquiv>
                    <Unicode>tum eciami aliorumque locorum ingeri</Unicode>
                </TextEquiv>
            </TextLine>
            <TextLine id="r6l47" custom="readingOrder {index:36;}">
                <Coords points="1047,3838 2163,3855 2163,3759 2094,3750 1896,3783 1047,3748"/>
                <Baseline points="1062,3828 1116,3826 1170,3826 1224,3824 1279,3824 1333,3824 1387,3824 1442,3824 1496,3824 1550,3826 1605,3826 1659,3826 1713,3826 1767,3826 1822,3828 1876,3828 1930,3828 1985,3828 2039,3826 2093,3826 2148,3826"/>
                <TextEquiv>
                    <Unicode>fuit imittiaudo cardinalel episcopi</Unicode>
                </TextEquiv>
            </TextLine>
            <TextLine id="r6l48" custom="readingOrder {index:37;}">
                <Coords points="1046,3956 1235,3925 1445,3957 1538,3923 2048,3951 2174,3929 2174,3860 1289,3832 1046,3875"/>
                <Baseline points="1062,3916 1116,3916 1171,3916 1226,3916 1281,3916 1336,3916 1390,3916 1445,3916 1500,3916 1555,3916 1610,3916 1664,3916 1719,3914 1774,3914 1829,3914 1884,3914 1938,3914 1993,3912 2048,3912 2103,3910 2158,3910"/>
                <TextEquiv>
                    <Unicode>quitique cardinalel prevstri, ex eardi</Unicode>
                </TextEquiv>
            </TextLine>
            <TextLine id="r6l49" custom="readingOrder {index:38;}">
                <Coords points="1046,4036 1121,4027 1163,4051 1247,4018 1430,4013 1484,4034 1619,4019 1643,4043 1673,4016 1718,4028 1718,3971 1667,3950 1607,3965 1541,3923 1448,3956 1412,3935 1271,3958 1232,3925 1046,3958"/>
                <Baseline points="1062,4004 1094,4004 1126,4004 1158,4005 1190,4006 1222,4005 1254,4004 1286,4004 1318,4004 1350,4004 1382,4002 1414,4002 1446,4002 1478,4002 1510,4002 1542,4002 1574,4004 1606,4005 1638,4006 1670,4009 1702,4012"/>
                <TextEquiv>
                    <Unicode>nal diacori vi.</Unicode>
                </TextEquiv>
            </TextLine>
            <TextEquiv>
                <Unicode>pro ipso ad mandactura detineatur ecclesie don
hummodi negocium tminetur Aclhee
quara luper huju mte Poteunt Cabietatel
oillienttate ouri omni ad aplice lecril
vnclicium reberantur, ne vorte quod mubtil
lumptibus t Laboribril, elt per actur per
alicurul inlolenciam vel maliciam.
Alloluatur.
nno ab incarnacione nbi M.
ce xv. celebrata elt lea m
al yvodul comme in ecclesia lccir labrato
 qui coltantimana vocatur Merle no
nemibre, liderito domino mnoce iii.
lui
Pr. Pontilicatus anno xxiij. inqua
stuerunt episcopi cccc xxii. Inter quol ex
tterut de preciperiit Patriarehil duo
indelicet quiltantinos Merololunta
mil amtrochenur à grani langore de
enl nenire  Potuit milit pro
le icaria anteraderum episcopum, A lexa
drimus, non lub dominio larraceniorum
ulttartu tecit quod potuit mtteri
per le guranum suum diaconum pma
tel aut imetropolitamu rex aruil
letru Abbel it porel ultra, . cccc. pr
curatorum non arthiodiatoriorum episcoporum
abbatum priorum it capulorum ablenti
ar  uit cercul i cophenbal
egatorum non regis licilie inromanorum
imparatorem electuimparatoris qultant
nopolitami regii trancie regis Angerlie
regil hungarie regil eterololumta
 regil cipri regil arrogoni.  no
avorum principum  magnatum civita
tum eciami aliorumque locorum ingeri
fuit imittiaudo cardinalel episcopi
quitique cardinalel prevstri, ex eardi
nal diacori vi.</Unicode>
            </TextEquiv>
        </TextRegion>
        <TextRegion orientation="0.0" id="r7" custom="readingOrder {index:1;}">
            <Coords points="3788,452 3788,4274 4976,4274 4976,452"/>
            <TextLine id="r7l2" custom="readingOrder {index:0;}">
                <Coords points="4260,558 4944,553 4945,457 4832,428 4723,462 4679,438 4537,454 4487,435 4405,458 4261,435"/>
                <Baseline points="4276,530 4308,532 4341,533 4373,534 4406,534 4439,534 4471,534 4504,534 4536,534 4569,534 4602,534 4634,534 4667,534 4699,534 4732,535 4765,536 4797,538 4830,539 4862,541 4895,543 4928,544"/>
                <TextEquiv>
                    <Unicode>Derrio macluentu ari</Unicode>
                </TextEquiv>
            </TextLine>
            <TextLine id="r7l3" custom="readingOrder {index:1;}">
                <Coords points="4272,647 4374,666 4422,639 4917,664 4935,661 4936,577 4771,551 4711,569 4687,545 4476,574 4273,557"/>
                <Baseline points="4288,626 4319,626 4351,626 4382,624 4414,624 4446,624 4477,624 4509,624 4540,624 4572,625 4604,626 4635,626 4667,626 4698,626 4730,628 4762,628 4793,628 4825,628 4856,628 4888,628 4920,628"/>
                <TextEquiv>
                    <Unicode>ccevemet an princepi re</Unicode>
                </TextEquiv>
            </TextLine>
            <TextLine id="r7l5" custom="readingOrder {index:2;}">
                <Coords points="4284,757 4734,740 4917,763 4992,755 4993,686 4942,688 4882,651 4633,670 4594,649 4537,675 4492,648 4417,668 4285,655"/>
                <Baseline points="4298,720 4331,720 4365,720 4399,720 4433,720 4467,720 4501,720 4535,720 4569,720 4603,720 4637,722 4670,722 4704,722 4738,722 4772,722 4806,724 4840,724 4874,724 4908,726 4942,726 4976,726"/>
                <TextEquiv>
                    <Unicode>guiterre verti qui pa</Unicode>
                </TextEquiv>
            </TextLine>
            <TextLine id="r7l6" custom="readingOrder {index:3;}">
                <Coords points="4275,825 4518,848 4935,843 4936,765 4903,750 4276,753"/>
                <Baseline points="4290,818 4321,818 4353,817 4384,816 4416,816 4447,816 4479,816 4510,814 4542,814 4573,814 4605,814 4636,815 4668,816 4699,816 4731,817 4762,818 4794,818 4825,820 4857,822 4888,823 4920,826"/>
                <TextEquiv>
                    <Unicode>alave occurrere.</Unicode>
                </TextEquiv>
            </TextLine>
            <TextLine id="line_1579884656114_25" custom="readingOrder {index:4;}">
                <Coords points="4273,904 4966,935 4967,845 4766,834 4646,857 4616,836 4274,826"/>
                <Baseline points="4287,900 4440,908 4549,910 4671,908 4795,908 4950,912"/>
                <TextEquiv>
                    <Unicode>Scan ac cantrarem jeci</Unicode>
                </TextEquiv>
            </TextLine>
            <TextLine id="r7l9" custom="readingOrder {index:5;}">
                <Coords points="3843,1005 4308,984 4821,1015 4926,986 4927,938 4012,920 3845,836"/>
                <Baseline points="3858,980 3910,979 3963,977 4016,976 4068,976 4121,974 4174,974 4226,974 4279,976 4332,976 4385,978 4437,978 4490,980 4543,981 4595,982 4648,984 4701,986 4753,987 4806,988 4859,990 4912,990"/>
                <TextEquiv>
                    <Unicode>nar devontum tiacium mentibus ingerit</Unicode>
                </TextEquiv>
            </TextLine>
            <TextLine id="r7l10" custom="readingOrder {index:6;}">
                <Coords points="3820,1078 4957,1097 4959,977 4817,1018 3821,1006"/>
                <Baseline points="3834,1060 3889,1058 3945,1057 4000,1056 4056,1056 4111,1056 4167,1056 4222,1056 4278,1056 4333,1056 4389,1058 4444,1058 4500,1060 4555,1061 4611,1062 4666,1064 4722,1064 4777,1066 4833,1066 4888,1068 4944,1070"/>
                <TextEquiv>
                    <Unicode>novertui amei notira cordorctal per quam</Unicode>
                </TextEquiv>
            </TextLine>
            <TextLine id="r7l11" custom="readingOrder {index:7;}">
                <Coords points="3828,1178 4896,1194 4947,1179 4948,1083 3828,1091"/>
                <Baseline points="3842,1152 3896,1151 3951,1149 4005,1148 4060,1148 4114,1148 4169,1148 4223,1148 4278,1148 4332,1150 4387,1150 4441,1152 4496,1154 4550,1154 4605,1156 4659,1156 4714,1156 4768,1156 4823,1156 4877,1156 4932,1156"/>
                <TextEquiv>
                    <Unicode>mlcera micclie Dei Pleriu atque perdecrtr</Unicode>
                </TextEquiv>
            </TextLine>
            <TextLine id="r7l12" custom="readingOrder {index:8;}">
                <Coords points="3832,1267 4927,1284 4960,1278 4961,1161 4735,1200 3832,1183"/>
                <Baseline points="3848,1254 3902,1250 3957,1248 4012,1246 4067,1245 4122,1244 4176,1244 4231,1242 4286,1242 4341,1244 4396,1244 4450,1244 4505,1245 4560,1246 4615,1246 4670,1248 4724,1248 4779,1250 4834,1250 4889,1250 4944,1250"/>
                <TextEquiv>
                    <Unicode>erga milerol patetacerta tunt et cogreacionem</Unicode>
                </TextEquiv>
            </TextLine>
            <TextLine id="r7l13" custom="readingOrder {index:9;}">
                <Coords points="3830,1382 4292,1339 4949,1361 4949,1286 4910,1268 3830,1283"/>
                <Baseline points="3846,1346 3900,1343 3954,1338 4009,1336 4063,1334 4118,1332 4172,1332 4226,1330 4281,1330 4335,1330 4390,1330 4444,1331 4498,1332 4553,1332 4607,1334 4662,1334 4716,1334 4770,1336 4825,1336 4879,1336 4934,1336"/>
                <TextEquiv>
                    <Unicode>pacil mon ardactioni. que a ecerro incor</Unicode>
                </TextEquiv>
            </TextLine>
            <TextLine id="r7l14" custom="readingOrder {index:10;}">
                <Coords points="3826,1446 4948,1467 4948,1371 4912,1365 3826,1377"/>
                <Baseline points="3840,1440 3894,1438 3949,1436 4003,1434 4058,1433 4113,1432 4167,1432 4222,1432 4276,1432 4331,1432 4386,1432 4440,1432 4495,1432 4549,1434 4604,1434 4659,1434 4713,1434 4768,1435 4822,1436 4877,1436 4932,1436"/>
                <TextEquiv>
                    <Unicode>de sunurii pitri exciterare, Eldicatuit i.</Unicode>
                </TextEquiv>
            </TextLine>
            <TextLine id="r7l15" custom="readingOrder {index:11;}">
                <Coords points="3836,1550 4979,1543 4979,1498 4853,1456 3836,1454"/>
                <Baseline points="3850,1530 3905,1528 3961,1526 4017,1524 4072,1524 4128,1522 4184,1522 4239,1522 4295,1522 4351,1522 4407,1522 4462,1522 4518,1522 4574,1524 4629,1524 4685,1524 4741,1526 4796,1526 4852,1527 4908,1528 4964,1528"/>
                <TextEquiv>
                    <Unicode>opul Piecatim crupere dum redemptor iu</Unicode>
                </TextEquiv>
            </TextLine>
            <TextLine id="r7l16" custom="readingOrder {index:12;}">
                <Coords points="3824,1637 4946,1654 4946,1570 4823,1546 4544,1568 4382,1532 4103,1580 3920,1538 3824,1580"/>
                <Baseline points="3838,1626 3892,1624 3947,1622 4002,1622 4056,1620 4111,1620 4166,1620 4220,1620 4275,1618 4330,1619 4385,1620 4439,1620 4494,1620 4549,1620 4603,1620 4658,1621 4713,1622 4767,1622 4822,1622 4877,1622 4932,1622"/>
                <TextEquiv>
                    <Unicode>mari Gereril Nerveri guerre il au</Unicode>
                </TextEquiv>
            </TextLine>
            <TextLine id="r7l17" custom="readingOrder {index:13;}">
                <Coords points="3823,1728 4126,1718 4198,1754 4483,1723 4528,1752 4948,1721 4948,1658 4831,1637 3823,1647"/>
                <Baseline points="3838,1714 3892,1714 3947,1714 4002,1712 4056,1712 4111,1712 4166,1712 4220,1710 4275,1710 4330,1710 4385,1710 4439,1710 4494,1710 4549,1710 4603,1710 4658,1710 4713,1710 4767,1710 4822,1710 4877,1710 4932,1712"/>
                <TextEquiv>
                    <Unicode>fatere quos parierat temporarie Mearne</Unicode>
                </TextEquiv>
            </TextLine>
            <TextLine id="r7l18" custom="readingOrder {index:14;}">
                <Coords points="3822,1820 4920,1819 4920,1735 3822,1751"/>
                <Baseline points="3836,1800 3889,1800 3943,1798 3996,1798 4050,1798 4103,1798 4157,1798 4210,1798 4264,1798 4317,1798 4371,1798 4424,1798 4478,1798 4531,1798 4585,1798 4638,1798 4692,1798 4745,1798 4799,1798 4852,1798 4906,1796"/>
                <TextEquiv>
                    <Unicode> approruie, qui invilioure onnie à</Unicode>
                </TextEquiv>
            </TextLine>
            <TextLine id="r7l19" custom="readingOrder {index:15;}">
                <Coords points="3816,1923 4128,1893 4230,1929 4383,1896 4785,1933 4938,1912 4938,1828 3816,1830"/>
                <Baseline points="3832,1890 3886,1890 3941,1890 3995,1890 4050,1888 4105,1888 4159,1888 4214,1888 4268,1886 4323,1886 4378,1886 4432,1886 4487,1886 4541,1886 4596,1886 4651,1888 4705,1888 4760,1890 4814,1890 4869,1892 4924,1894"/>
                <TextEquiv>
                    <Unicode>contineri coetan parit manet lemper et</Unicode>
                </TextEquiv>
            </TextLine>
            <TextLine id="r7l20" custom="readingOrder {index:16;}">
                <Coords points="3824,1995 4622,2023 4763,1989 4832,2019 4976,1985 4976,1928 4228,1931 4123,1895 3823,1938"/>
                <Baseline points="3838,1982 3894,1982 3950,1982 4006,1982 4062,1982 4118,1982 4174,1982 4230,1982 4286,1982 4342,1982 4399,1984 4455,1984 4511,1982 4567,1982 4623,1982 4679,1982 4735,1980 4791,1980 4847,1978 4903,1978 4960,1976"/>
                <TextEquiv>
                    <Unicode>coiquar, apparuit inguat aperle verugni</Unicode>
                </TextEquiv>
            </TextLine>
            <TextLine id="r7l21" custom="readingOrder {index:17;}">
                <Coords points="3820,2083 4948,2088 4948,2010 4897,1995 3820,1993"/>
                <Baseline points="3836,2068 3890,2067 3945,2066 4000,2064 4055,2064 4110,2064 4165,2064 4220,2064 4275,2064 4330,2064 4385,2065 4439,2066 4494,2066 4549,2066 4604,2066 4659,2066 4714,2066 4769,2065 4824,2064 4879,2062 4934,2060"/>
                <TextEquiv>
                    <Unicode>cal Munrantea camatori nostri Dei re</Unicode>
                </TextEquiv>
            </TextLine>
            <TextLine id="r7l22" custom="readingOrder {index:18;}">
                <Coords points="3835,2170 4834,2189 4942,2177 4941,2084 3834,2104"/>
                <Baseline points="3848,2156 3901,2154 3955,2154 4009,2154 4063,2154 4117,2154 4171,2152 4225,2152 4279,2152 4333,2152 4387,2152 4440,2150 4494,2150 4548,2150 4602,2150 4656,2150 4710,2150 4764,2150 4818,2150 4872,2150 4926,2150"/>
                <TextEquiv>
                    <Unicode>era privig apprareret Mimanreal, quo</Unicode>
                </TextEquiv>
            </TextLine>
            <TextLine id="r7l23" custom="readingOrder {index:19;}">
                <Coords points="3821,2281 4958,2275 4958,2200 4850,2179 3821,2188"/>
                <Baseline points="3836,2256 3891,2256 3946,2254 4001,2254 4057,2254 4112,2254 4167,2254 4223,2254 4278,2252 4333,2252 4389,2252 4444,2252 4499,2252 4554,2252 4610,2252 4665,2252 4720,2252 4776,2252 4831,2252 4886,2252 4942,2254"/>
                <TextEquiv>
                    <Unicode>dar modo Latie et occurtabatur verug</Unicode>
                </TextEquiv>
            </TextLine>
            <TextLine id="r7l24" custom="readingOrder {index:20;}">
                <Coords points="3826,2371 4933,2380 4932,2281 4866,2275 3825,2290"/>
                <Baseline points="3840,2356 3893,2356 3947,2354 4001,2354 4055,2354 4109,2354 4163,2354 4217,2356 4271,2356 4325,2356 4379,2356 4432,2356 4486,2355 4540,2354 4594,2354 4648,2354 4702,2352 4756,2350 4810,2350 4864,2347 4918,2344"/>
                <TextEquiv>
                    <Unicode>tal Latut quidem lc nichionius</Unicode>
                </TextEquiv>
            </TextLine>
            <TextLine id="r7l25" custom="readingOrder {index:21;}">
                <Coords points="3816,2488 4954,2486 4953,2366 4900,2396 4329,2373 4176,2413 4014,2365 3816,2392"/>
                <Baseline points="3830,2454 3885,2456 3940,2458 3996,2458 4051,2458 4107,2460 4162,2460 4217,2460 4273,2460 4328,2460 4384,2460 4439,2460 4494,2458 4550,2458 4605,2458 4661,2458 4716,2456 4771,2456 4827,2456 4882,2455 4938,2454"/>
                <TextEquiv>
                    <Unicode>excitrt, Prpha jenum attellante mileri</Unicode>
                </TextEquiv>
            </TextLine>
            <TextLine id="r7l26" custom="readingOrder {index:22;}">
                <Coords points="3808,2605 4003,2564 4243,2598 4951,2580 4951,2505 4721,2465 4084,2513 3868,2467 3808,2500"/>
                <Baseline points="3822,2560 3877,2560 3933,2560 3989,2560 4044,2560 4100,2560 4156,2560 4211,2560 4267,2560 4323,2560 4379,2562 4434,2562 4490,2562 4546,2562 4601,2564 4657,2564 4713,2564 4768,2564 4824,2564 4880,2564 4936,2562"/>
                <TextEquiv>
                    <Unicode>cordia comini ab etrio jusque metrum</Unicode>
                </TextEquiv>
            </TextLine>
            <TextLine id="r7l27" custom="readingOrder {index:23;}">
                <Coords points="3817,2680 4934,2666 4934,2600 4853,2579 3818,2599"/>
                <Baseline points="3832,2648 3886,2650 3940,2650 3995,2650 4049,2650 4104,2650 4158,2650 4212,2651 4267,2652 4321,2652 4376,2652 4430,2652 4484,2652 4539,2652 4593,2652 4648,2652 4702,2652 4756,2652 4811,2652 4865,2653 4920,2654"/>
                <TextEquiv>
                    <Unicode>super timentes eum, ipie est erum pater</Unicode>
                </TextEquiv>
            </TextLine>
            <TextLine id="r7l28" custom="readingOrder {index:24;}">
                <Coords points="3821,2761 4964,2775 4964,2700 4911,2673 3821,2680"/>
                <Baseline points="3836,2738 3891,2738 3947,2740 4002,2740 4058,2740 4114,2740 4169,2740 4225,2740 4280,2740 4336,2740 4392,2740 4447,2740 4503,2740 4558,2740 4614,2740 4670,2740 4725,2742 4781,2742 4836,2744 4892,2744 4948,2746"/>
                <TextEquiv>
                    <Unicode>Milericordiarum, qui mileretr omnium</Unicode>
                </TextEquiv>
            </TextLine>
            <TextLine id="r7l29" custom="readingOrder {index:25;}">
                <Coords points="3824,2847 4920,2860 4920,2770 4875,2758 3824,2766"/>
                <Baseline points="3838,2832 3891,2833 3944,2834 3998,2834 4051,2834 4105,2836 4158,2836 4211,2836 4265,2836 4318,2836 4372,2836 4425,2836 4478,2836 4532,2834 4585,2834 4639,2834 4692,2834 4745,2834 4799,2834 4852,2836 4906,2836"/>
                <TextEquiv>
                    <Unicode>Mmi count eorum que condioit, qi</Unicode>
                </TextEquiv>
            </TextLine>
            <TextLine id="r7l30" custom="readingOrder {index:26;}">
                <Coords points="3804,2975 3972,2933 4395,2936 4515,2975 4566,2941 4950,2932 4950,2848 4446,2876 3804,2846"/>
                <Baseline points="3818,2918 3873,2920 3929,2922 3985,2924 4041,2925 4097,2926 4152,2926 4208,2926 4264,2926 4320,2926 4376,2926 4431,2926 4487,2926 4543,2924 4599,2924 4655,2924 4710,2922 4766,2922 4822,2922 4878,2922 4934,2922"/>
                <TextEquiv>
                    <Unicode>propum et milereri tempor ipareere, qui</Unicode>
                </TextEquiv>
            </TextLine>
            <TextLine id="r7l31" custom="readingOrder {index:27;}">
                <Coords points="3820,3022 4093,3025 4153,3064 4522,3022 4966,3043 4966,2959 4894,2947 4030,2932 3820,2968"/>
                <Baseline points="3834,3010 3889,3010 3945,3012 4001,3012 4057,3012 4113,3014 4168,3014 4224,3014 4280,3014 4336,3014 4392,3014 4447,3014 4503,3014 4559,3014 4615,3014 4671,3012 4726,3012 4782,3012 4838,3012 4894,3011 4950,3010"/>
                <TextEquiv>
                    <Unicode>mncas adignoicendumi it predcaruu aaper</Unicode>
                </TextEquiv>
            </TextLine>
            <TextLine id="r7l32" custom="readingOrder {index:28;}">
                <Coords points="3826,3113 4894,3138 4966,3129 4967,3042 4315,3029 4156,3061 3826,3026"/>
                <Baseline points="3840,3098 3895,3100 3951,3102 4006,3102 4062,3104 4118,3104 4173,3106 4229,3106 4284,3106 4340,3106 4396,3106 4451,3106 4507,3106 4562,3106 4618,3106 4674,3106 4729,3106 4785,3106 4840,3108 4896,3108 4952,3108"/>
                <TextEquiv>
                    <Unicode>malitia. Lariare contertoi corde et contri</Unicode>
                </TextEquiv>
            </TextLine>
            <TextLine id="r7l33" custom="readingOrder {index:29;}">
                <Coords points="3822,3201 4836,3233 4947,3206 4948,3125 3822,3141"/>
                <Baseline points="3836,3190 3890,3190 3945,3190 4000,3192 4055,3192 4110,3192 4164,3194 4219,3194 4274,3196 4329,3196 4384,3196 4438,3198 4493,3198 4548,3198 4603,3198 4658,3198 4712,3198 4767,3198 4822,3196 4877,3195 4932,3194"/>
                <TextEquiv>
                    <Unicode>àorel corura Paterrie pietati addectu</Unicode>
                </TextEquiv>
            </TextLine>
            <TextLine id="r7l34" custom="readingOrder {index:30;}">
                <Coords points="3830,3299 4583,3302 4676,3339 4919,3323 4970,3296 4971,3224 3830,3203"/>
                <Baseline points="3844,3278 3899,3278 3955,3279 4010,3280 4066,3280 4122,3282 4177,3282 4233,3282 4288,3284 4344,3284 4400,3284 4455,3286 4511,3286 4566,3286 4622,3286 4678,3286 4733,3286 4789,3286 4844,3286 4900,3286 4956,3286"/>
                <TextEquiv>
                    <Unicode>noure Alligare, Veruiri curie potillimum</Unicode>
                </TextEquiv>
            </TextLine>
            <TextLine id="r7l35" custom="readingOrder {index:31;}">
                <Coords points="3829,3380 4957,3409 4935,3306 4163,3329 3830,3299"/>
                <Baseline points="3844,3366 3898,3368 3953,3368 4008,3370 4063,3370 4118,3372 4173,3372 4228,3374 4283,3374 4338,3376 4393,3376 4447,3378 4502,3378 4557,3378 4612,3380 4667,3380 4722,3382 4777,3384 4832,3384 4887,3386 4942,3388"/>
                <TextEquiv>
                    <Unicode>edemptor nolter ecdectum Ne verug</Unicode>
                </TextEquiv>
            </TextLine>
            <TextLine id="r7l36" custom="readingOrder {index:32;}">
                <Coords points="3808,3467 4218,3492 4486,3463 4908,3516 4910,3414 3809,3386"/>
                <Baseline points="3822,3444 3875,3447 3929,3449 3982,3450 4036,3452 4090,3454 4143,3454 4197,3454 4250,3456 4304,3456 4358,3456 4411,3456 4465,3456 4518,3458 4572,3458 4626,3460 4679,3460 4733,3462 4786,3464 4840,3466 4894,3468"/>
                <TextEquiv>
                    <Unicode>bil ex</Unicode>
                </TextEquiv>
            </TextLine>
            <TextLine id="r7l37" custom="readingOrder {index:33;}">
                <Coords points="3808,3560 4942,3570 4925,3477 3809,3485"/>
                <Baseline points="3824,3534 3879,3535 3934,3537 3989,3538 4044,3540 4100,3540 4155,3542 4210,3542 4265,3542 4320,3544 4376,3544 4431,3544 4486,3544 4541,3545 4596,3546 4652,3546 4707,3546 4762,3547 4817,3548 4872,3548 4928,3550"/>
                <TextEquiv>
                    <Unicode>nostre corrupcionil exacto comparieril a</Unicode>
                </TextEquiv>
            </TextLine>
            <TextLine id="r7l38" custom="readingOrder {index:34;}">
                <Coords points="3821,3673 3894,3643 4608,3648 4692,3679 4944,3648 4944,3570 4902,3566 3822,3577"/>
                <Baseline points="3836,3622 3890,3624 3945,3626 3999,3627 4054,3628 4109,3630 4163,3630 4218,3630 4272,3630 4327,3632 4382,3632 4436,3632 4491,3632 4545,3632 4600,3632 4655,3632 4709,3632 4764,3632 4818,3632 4873,3632 4928,3632"/>
                <TextEquiv>
                    <Unicode>perlecrtam innobi sanctaterri reparares</Unicode>
                </TextEquiv>
            </TextLine>
            <TextLine id="r7l39" custom="readingOrder {index:35;}">
                <Coords points="3802,3728 4942,3749 4925,3653 3803,3662"/>
                <Baseline points="3818,3712 3873,3714 3929,3714 3984,3716 4040,3718 4095,3718 4151,3720 4206,3720 4262,3720 4317,3720 4373,3722 4428,3722 4484,3722 4539,3722 4595,3722 4650,3724 4706,3724 4761,3724 4817,3724 4872,3725 4928,3726"/>
                <TextEquiv>
                    <Unicode>nstre carni dignantermarima sucepte</Unicode>
                </TextEquiv>
            </TextLine>
            <TextLine id="r7l40" custom="readingOrder {index:36;}">
                <Coords points="3802,3839 4924,3843 4925,3765 3803,3734"/>
                <Baseline points="3816,3802 3870,3804 3925,3806 3980,3806 4034,3808 4089,3808 4144,3808 4198,3810 4253,3810 4308,3810 4363,3810 4417,3810 4472,3812 4527,3812 4581,3812 4636,3814 4691,3816 4745,3816 4800,3818 4855,3820 4910,3824"/>
                <TextEquiv>
                    <Unicode>ee Sallecte redemptori cemertallimo.</Unicode>
                </TextEquiv>
            </TextLine>
            <TextLine id="r7l41" custom="readingOrder {index:37;}">
                <Coords points="3794,3908 4044,3911 4109,3948 4359,3915 4946,3947 4948,3854 3795,3842"/>
                <Baseline points="3810,3896 3892,3896 3947,3896 4002,3898 4056,3898 4111,3899 4166,3900 4220,3900 4275,3900 4330,3900 4385,3900 4439,3902 4494,3902 4549,3902 4603,3904 4658,3904 4713,3906 4767,3907 4822,3909 4877,3910 4932,3912"/>
                <TextEquiv>
                    <Unicode>ut nos jugo neculte lervitutis de prelol</Unicode>
                </TextEquiv>
            </TextLine>
            <TextLine id="r7l42" custom="readingOrder {index:38;}">
                <Coords points="3810,4017 4351,3996 4530,4036 4624,3998 4930,4004 4930,3935 4898,3929 3811,3918"/>
                <Baseline points="3826,3980 3880,3982 3935,3984 3989,3985 4044,3986 4098,3986 4153,3986 4207,3986 4262,3986 4316,3986 4371,3986 4425,3986 4480,3987 4534,3988 4589,3988 4643,3988 4698,3990 4752,3991 4807,3992 4861,3995 4916,3998"/>
                <TextEquiv>
                    <Unicode>potentia me metital erigeret quinecia</Unicode>
                </TextEquiv>
            </TextLine>
            <TextLine id="r7l43" custom="readingOrder {index:39;}">
                <Coords points="3807,4074 4914,4111 4968,4084 4969,4027 3807,4017"/>
                <Baseline points="3823,4067 3893,4066 3949,4066 4005,4066 4061,4068 4117,4068 4172,4068 4228,4070 4284,4070 4340,4070 4396,4072 4451,4072 4507,4072 4563,4074 4619,4074 4675,4074 4730,4076 4786,4076 4842,4076 4898,4078 4954,4078"/>
                <TextEquiv>
                    <Unicode>tire particepi lies intreractatil lemet iper</Unicode>
                </TextEquiv>
            </TextLine>
            <TextLine id="r7l44" custom="readingOrder {index:40;}">
                <Coords points="3811,4158 3964,4193 4576,4166 4867,4209 4948,4165 4949,4099 3812,4083"/>
                <Baseline points="3826,4146 3881,4146 3936,4148 3992,4148 4047,4148 4103,4150 4158,4150 4213,4150 4269,4150 4324,4152 4380,4152 4435,4152 4490,4154 4546,4154 4601,4155 4657,4156 4712,4158 4767,4158 4823,4161 4878,4162 4934,4164"/>
                <TextEquiv>
                    <Unicode>cura pro nob Milericordit incluraret. n</Unicode>
                </TextEquiv>
            </TextLine>
            <TextLine id="r7l45" custom="readingOrder {index:41;}">
                <Coords points="3803,4275 4242,4264 4466,4309 4725,4270 4964,4315 4967,4180 4934,4167 4852,4216 4697,4173 3806,4170"/>
                <Baseline points="3820,4226 3876,4230 3933,4230 3989,4232 4046,4234 4102,4236 4159,4238 4215,4240 4272,4240 4328,4242 4385,4244 4441,4244 4498,4246 4554,4246 4611,4248 4667,4250 4724,4250 4780,4251 4837,4252 4893,4254 4950,4254"/>
                <TextEquiv>
                    <Unicode>Qrante ingnam clos et delcendre, regi</Unicode>
                </TextEquiv>
            </TextLine>
            <TextEquiv>
                <Unicode>Derrio macluentu ari
ccevemet an princepi re
guiterre verti qui pa
alave occurrere.
Scan ac cantrarem jeci
nar devontum tiacium mentibus ingerit
novertui amei notira cordorctal per quam
mlcera micclie Dei Pleriu atque perdecrtr
erga milerol patetacerta tunt et cogreacionem
pacil mon ardactioni. que a ecerro incor
de sunurii pitri exciterare, Eldicatuit i.
opul Piecatim crupere dum redemptor iu
mari Gereril Nerveri guerre il au
fatere quos parierat temporarie Mearne
 approruie, qui invilioure onnie à
contineri coetan parit manet lemper et
coiquar, apparuit inguat aperle verugni
cal Munrantea camatori nostri Dei re
era privig apprareret Mimanreal, quo
dar modo Latie et occurtabatur verug
tal Latut quidem lc nichionius
excitrt, Prpha jenum attellante mileri
cordia comini ab etrio jusque metrum
super timentes eum, ipie est erum pater
Milericordiarum, qui mileretr omnium
Mmi count eorum que condioit, qi
propum et milereri tempor ipareere, qui
mncas adignoicendumi it predcaruu aaper
malitia. Lariare contertoi corde et contri
àorel corura Paterrie pietati addectu
noure Alligare, Veruiri curie potillimum
edemptor nolter ecdectum Ne verug
bil ex
nostre corrupcionil exacto comparieril a
perlecrtam innobi sanctaterri reparares
nstre carni dignantermarima sucepte
ee Sallecte redemptori cemertallimo.
ut nos jugo neculte lervitutis de prelol
potentia me metital erigeret quinecia
tire particepi lies intreractatil lemet iper
cura pro nob Milericordit incluraret. n
Qrante ingnam clos et delcendre, regi</Unicode>
            </TextEquiv>
        </TextRegion>
        <TextRegion orientation="0.0" id="r8" custom="readingOrder {index:2;}">
            <Coords points="5058,501 5058,4295 6252,4295 6252,501"/>
            <TextLine id="r8l1" custom="readingOrder {index:0;}">
                <Coords points="5081,571 6102,593 6219,576 6220,444 5976,489 5761,436 5664,487 5215,428 5082,454"/>
                <Baseline points="5096,542 5151,543 5206,544 5262,544 5317,544 5373,546 5428,546 5483,546 5539,548 5594,548 5650,548 5705,548 5760,549 5816,550 5871,550 5927,550 5982,550 6037,552 6093,552 6148,552 6204,552"/>
                <TextEquiv>
                    <Unicode>lint lermum cl grotum medieril</Unicode>
                </TextEquiv>
            </TextLine>
            <TextLine id="r8l2" custom="readingOrder {index:1;}">
                <Coords points="5085,659 6093,680 6213,670 6214,601 5086,563"/>
                <Baseline points="5100,626 5154,628 5209,630 5264,630 5319,632 5374,632 5429,634 5484,634 5539,636 5594,636 5649,637 5703,638 5758,639 5813,640 5868,640 5923,642 5978,642 6033,644 6088,644 6143,646 6198,648"/>
                <TextEquiv>
                    <Unicode>milerii milericori imvlerator inuure</Unicode>
                </TextEquiv>
            </TextLine>
            <TextLine id="r8l3" custom="readingOrder {index:2;}">
                <Coords points="5074,748 6181,765 6232,751 6233,673 5075,658"/>
                <Baseline points="5088,720 5144,722 5200,722 5257,724 5313,726 5370,726 5426,728 5482,728 5539,730 5595,730 5652,732 5708,732 5764,734 5821,734 5877,736 5934,736 5990,738 6046,738 6103,740 6159,740 6216,742"/>
                <TextEquiv>
                    <Unicode>ril contorum Maneriiz diverlil tone</Unicode>
                </TextEquiv>
            </TextLine>
            <TextLine id="r8l4" custom="readingOrder {index:3;}">
                <Coords points="5084,823 6206,857 6207,794 6034,760 5086,754"/>
                <Baseline points="5100,808 5154,812 5209,813 5263,816 5318,817 5373,820 5427,820 5482,822 5536,824 5591,824 5646,826 5700,826 5755,828 5809,828 5864,830 5919,830 5973,832 6028,832 6082,834 6137,834 6192,836"/>
                <TextEquiv>
                    <Unicode>torum generibus redoculante iperitino</Unicode>
                </TextEquiv>
            </TextLine>
            <TextLine id="r8l5" custom="readingOrder {index:4;}">
                <Coords points="5079,925 6246,950 6248,854 6128,843 5992,876 5081,844"/>
                <Baseline points="5096,902 5152,904 5209,905 5266,906 5323,908 5380,908 5436,910 5493,910 5550,912 5607,912 5664,914 5720,914 5777,915 5834,916 5891,918 5948,918 6004,920 6061,920 6118,922 6175,924 6232,924"/>
                <TextEquiv>
                    <Unicode>le desperacion cedio ductiui Latigatum.</Unicode>
                </TextEquiv>
            </TextLine>
            <TextLine id="r8l6" custom="readingOrder {index:5;}">
                <Coords points="5086,1027 5161,999 6202,1040 6225,956 5088,928"/>
                <Baseline points="5102,984 5157,984 5212,986 5267,986 5323,988 5378,988 5433,990 5489,990 5544,992 5599,993 5655,994 5710,996 5765,996 5820,998 5876,1000 5931,1000 5986,1002 6042,1004 6097,1005 6152,1008 6208,1008"/>
                <TextEquiv>
                    <Unicode>pis cororator in ipse recuperanda, cam</Unicode>
                </TextEquiv>
            </TextLine>
            <TextLine id="r8l7" custom="readingOrder {index:6;}">
                <Coords points="5080,1088 5686,1112 5834,1085 5881,1122 6185,1095 6186,1020 6063,1009 5865,1044 5808,1012 5082,1019"/>
                <Baseline points="5096,1070 5149,1069 5203,1068 5257,1066 5310,1066 5364,1068 5418,1068 5471,1069 5525,1070 5579,1072 5633,1074 5686,1076 5740,1077 5794,1080 5847,1080 5901,1082 5955,1083 6008,1084 6062,1084 6116,1084 6170,1084"/>
                <TextEquiv>
                    <Unicode>tatil troverarre conttituit. Nria auttem</Unicode>
                </TextEquiv>
            </TextLine>
            <TextLine id="r8l8" custom="readingOrder {index:7;}">
                <Coords points="5089,1184 6209,1208 6210,1085 6147,1117 5091,1100"/>
                <Baseline points="5106,1160 5160,1158 5214,1158 5269,1158 5323,1158 5378,1158 5432,1160 5486,1160 5541,1160 5595,1162 5650,1162 5704,1164 5758,1165 5813,1166 5867,1167 5922,1168 5976,1170 6030,1170 6085,1172 6139,1172 6194,1174"/>
                <TextEquiv>
                    <Unicode>medicuraria medieni noster ad nos verii</Unicode>
                </TextEquiv>
            </TextLine>
            <TextLine id="r8l9" custom="readingOrder {index:8;}">
                <Coords points="5105,1278 6194,1291 6195,1213 6066,1181 5106,1185"/>
                <Baseline points="5120,1250 5173,1250 5226,1251 5279,1252 5332,1252 5385,1252 5438,1252 5491,1252 5544,1252 5597,1252 5650,1252 5703,1253 5756,1254 5809,1254 5862,1256 5915,1256 5968,1258 6021,1260 6074,1261 6127,1263 6180,1266"/>
                <TextEquiv>
                    <Unicode>l lecum detrait iareribus nosril ad</Unicode>
                </TextEquiv>
            </TextLine>
            <TextLine id="r8l10" custom="readingOrder {index:9;}">
                <Coords points="5093,1369 6185,1377 6242,1366 6244,1282 5094,1273"/>
                <Baseline points="5108,1340 5164,1340 5220,1340 5276,1340 5332,1340 5388,1340 5444,1342 5500,1342 5556,1342 5612,1342 5668,1342 5724,1344 5780,1344 5836,1344 5892,1346 5948,1348 6004,1348 6060,1350 6116,1352 6172,1354 6228,1356"/>
                <TextEquiv>
                    <Unicode>odum necectaria, canteriu indencee</Unicode>
                </TextEquiv>
            </TextLine>
            <TextLine id="r8l11" custom="readingOrder {index:10;}">
                <Coords points="5082,1467 5430,1441 6204,1486 6175,1372 6070,1397 5866,1362 5806,1406 5686,1366 5083,1386"/>
                <Baseline points="5096,1436 5150,1436 5205,1436 5259,1436 5314,1436 5369,1436 5423,1436 5478,1436 5532,1436 5587,1437 5642,1438 5696,1438 5751,1440 5805,1440 5860,1442 5915,1442 5969,1444 6024,1444 6078,1446 6133,1448 6188,1448"/>
                <TextEquiv>
                    <Unicode>Nguertu  antidorum. P canterium</Unicode>
                </TextEquiv>
            </TextLine>
            <TextLine id="r8l12" custom="readingOrder {index:11;}">
                <Coords points="5081,1559 6134,1564 6212,1556 6213,1466 5985,1494 5652,1449 5562,1485 5082,1466"/>
                <Baseline points="5096,1528 5151,1530 5206,1530 5261,1530 5316,1530 5371,1532 5426,1532 5481,1532 5536,1533 5591,1534 5646,1534 5701,1534 5756,1536 5811,1536 5866,1536 5921,1536 5976,1536 6031,1536 6086,1536 6141,1536 6196,1536"/>
                <TextEquiv>
                    <Unicode>quo prccredo manerum precroitur, ilar</Unicode>
                </TextEquiv>
            </TextLine>
            <TextLine id="r8l13" custom="readingOrder {index:12;}">
                <Coords points="5082,1643 6216,1655 6217,1553 5083,1562"/>
                <Baseline points="5096,1618 5151,1619 5206,1620 5261,1622 5316,1622 5372,1624 5427,1624 5482,1626 5537,1626 5592,1626 5648,1626 5703,1626 5758,1626 5813,1628 5868,1628 5924,1628 5979,1628 6034,1630 6089,1630 6144,1630 6200,1632"/>
                <TextEquiv>
                    <Unicode>et emandatur, àMartando peniteritie con</Unicode>
                </TextEquiv>
            </TextLine>
            <TextLine id="r8l14" custom="readingOrder {index:13;}">
                <Coords points="5085,1738 5715,1724 5823,1758 5940,1722 6057,1759 6195,1742 6196,1655 5086,1654"/>
                <Baseline points="5100,1714 5154,1714 5208,1714 5262,1714 5316,1714 5370,1714 5424,1714 5478,1714 5532,1714 5586,1714 5640,1714 5694,1714 5748,1714 5802,1716 5856,1716 5910,1716 5964,1718 6018,1718 6072,1720 6126,1720 6180,1722"/>
                <TextEquiv>
                    <Unicode>venerit intelugitur, ad graia redeptor</Unicode>
                </TextEquiv>
            </TextLine>
            <TextLine id="r8l15" custom="readingOrder {index:14;}">
                <Coords points="5080,1816 6187,1836 6187,1742 6152,1733 5080,1744"/>
                <Baseline points="5094,1804 5147,1802 5201,1802 5255,1802 5309,1802 5363,1802 5417,1804 5471,1804 5525,1804 5579,1804 5633,1804 5686,1804 5740,1804 5794,1806 5848,1806 5902,1806 5956,1807 6010,1808 6064,1808 6118,1810 6172,1810"/>
                <TextEquiv>
                    <Unicode>noster nos muttat muttiplicre. modo</Unicode>
                </TextEquiv>
            </TextLine>
            <TextLine id="r8l16" custom="readingOrder {index:15;}">
                <Coords points="5092,1929 5231,1900 5588,1934 5711,1900 5900,1944 5942,1908 6143,1937 6212,1920 6213,1824 5093,1833"/>
                <Baseline points="5108,1886 5162,1888 5216,1888 5271,1888 5325,1890 5380,1890 5434,1890 5488,1890 5543,1890 5597,1890 5652,1892 5706,1892 5760,1892 5815,1892 5869,1894 5924,1894 5978,1895 6032,1896 6087,1898 6141,1900 6196,1902"/>
                <TextEquiv>
                    <Unicode>quidem parlemetipiu, modo perlegem</Unicode>
                </TextEquiv>
            </TextLine>
            <TextLine id="r8l17" custom="readingOrder {index:16;}">
                <Coords points="5071,2026 5291,1984 5588,2024 5711,1988 6185,2008 6185,1930 6086,1917 5072,1935"/>
                <Baseline points="5086,1992 5140,1988 5194,1985 5248,1982 5302,1980 5357,1978 5411,1978 5465,1978 5519,1978 5573,1980 5628,1980 5682,1982 5736,1982 5790,1984 5844,1984 5899,1986 5953,1986 6007,1986 6061,1986 6115,1986 6170,1984"/>
                <TextEquiv>
                    <Unicode>prophal modo per à plos idei catholice</Unicode>
                </TextEquiv>
            </TextLine>
            <TextLine id="r8l18" custom="readingOrder {index:17;}">
                <Coords points="5080,2071 5469,2109 5632,2077 5706,2113 5752,2083 6190,2091 6190,2007 6130,1998 5080,2023"/>
                <Baseline points="5096,2062 5150,2062 5204,2064 5258,2064 5312,2066 5366,2066 5420,2066 5474,2068 5528,2068 5582,2068 5636,2068 5690,2068 5744,2068 5798,2068 5852,2068 5906,2068 5960,2068 6014,2068 6068,2068 6122,2068 6176,2068"/>
                <TextEquiv>
                    <Unicode>coctores magittros, invitar autem</Unicode>
                </TextEquiv>
            </TextLine>
            <TextLine id="r8l19" custom="readingOrder {index:18;}">
                <Coords points="5088,2196 5248,2161 6187,2183 6187,2090 6139,2081 5089,2088"/>
                <Baseline points="5104,2148 5157,2150 5210,2150 5264,2151 5317,2152 5371,2152 5424,2152 5477,2152 5531,2152 5584,2152 5638,2152 5691,2152 5744,2152 5798,2152 5851,2152 5905,2152 5958,2152 6011,2154 6065,2155 6118,2156 6172,2158"/>
                <TextEquiv>
                    <Unicode>per lemet ipsum vervi pariter etexempl.</Unicode>
                </TextEquiv>
            </TextLine>
            <TextLine id="r8l20" custom="readingOrder {index:19;}">
                <Coords points="5043,2285 6207,2281 6207,2209 5994,2167 5787,2205 5043,2180"/>
                <Baseline points="5058,2248 5114,2250 5171,2250 5228,2250 5284,2252 5341,2252 5398,2252 5454,2252 5511,2252 5568,2250 5625,2250 5681,2250 5738,2250 5795,2250 5851,2250 5908,2250 5965,2252 6021,2252 6078,2252 6135,2254 6192,2256"/>
                <TextEquiv>
                    <Unicode>verbil, acut habetis inevanglio. or</Unicode>
                </TextEquiv>
            </TextLine>
            <TextLine id="r8l21" custom="readingOrder {index:20;}">
                <Coords points="5080,2365 5716,2382 5974,2345 6205,2378 6250,2375 6250,2294 5773,2265 5079,2296"/>
                <Baseline points="5094,2348 5151,2348 5208,2348 5265,2348 5322,2348 5379,2348 5436,2348 5493,2348 5550,2346 5607,2346 5664,2346 5721,2346 5778,2346 5835,2346 5892,2346 5949,2346 6006,2346 6063,2346 6120,2346 6177,2346 6234,2348"/>
                <TextEquiv>
                    <Unicode>lervol expectantes clui luvi merner</Unicode>
                </TextEquiv>
            </TextLine>
            <TextLine id="r8l22" custom="readingOrder {index:21;}">
                <Coords points="5094,2487 6238,2486 6238,2402 6055,2402 5979,2348 5907,2384 5754,2363 5694,2405 5550,2366 5094,2379"/>
                <Baseline points="5110,2456 5165,2456 5221,2454 5277,2454 5332,2454 5388,2454 5444,2452 5499,2452 5555,2452 5611,2452 5667,2450 5722,2450 5778,2450 5834,2450 5889,2450 5945,2451 6001,2452 6056,2454 6112,2455 6168,2456 6224,2458"/>
                <TextEquiv>
                    <Unicode>à Paratol occurrere, Aollierte Amovet</Unicode>
                </TextEquiv>
            </TextLine>
            <TextLine id="r8l23" custom="readingOrder {index:22;}">
                <Coords points="5057,2571 6254,2588 6236,2468 6110,2510 5618,2515 5057,2478"/>
                <Baseline points="5072,2558 5145,2554 5203,2554 5260,2556 5318,2556 5376,2556 5433,2556 5491,2556 5548,2556 5606,2558 5664,2558 5721,2558 5779,2558 5836,2558 5894,2558 5952,2558 6009,2558 6067,2558 6124,2557 6182,2556 6240,2556"/>
                <TextEquiv>
                    <Unicode>dicerl, videce iguate et orate nelei</Unicode>
                </TextEquiv>
            </TextLine>
            <TextLine id="r8l24" custom="readingOrder {index:23;}">
                <Coords points="5083,2672 6251,2689 6230,2584 5084,2588"/>
                <Baseline points="5098,2652 5154,2652 5211,2652 5268,2652 5325,2652 5382,2652 5439,2654 5496,2654 5553,2654 5610,2654 5667,2656 5723,2656 5780,2656 5837,2656 5894,2656 5951,2658 6008,2658 6065,2658 6122,2658 6179,2658 6236,2658"/>
                <TextEquiv>
                    <Unicode>tl erum quando dominu domeilne</Unicode>
                </TextEquiv>
            </TextLine>
            <TextLine id="r8l25" custom="readingOrder {index:24;}">
                <Coords points="5081,2768 5228,2760 5288,2797 5366,2752 6222,2768 6222,2687 6141,2669 5394,2701 5355,2668 5082,2672"/>
                <Baseline points="5096,2742 5168,2740 5223,2738 5278,2738 5332,2738 5387,2738 5442,2738 5496,2740 5551,2740 5606,2741 5661,2742 5715,2742 5770,2744 5825,2744 5879,2745 5934,2746 5989,2746 6043,2746 6098,2746 6153,2746 6208,2744"/>
                <TextEquiv>
                    <Unicode>rat. Inverro videndi pretritarim cra</Unicode>
                </TextEquiv>
            </TextLine>
            <TextLine id="r8l26" custom="readingOrder {index:25;}">
                <Coords points="5081,2872 6234,2852 6234,2780 6192,2765 5082,2770"/>
                <Baseline points="5096,2836 5161,2836 5217,2836 5272,2836 5328,2836 5384,2836 5439,2836 5495,2836 5550,2836 5606,2838 5662,2838 5717,2839 5773,2840 5828,2840 5884,2840 5940,2842 5995,2842 6051,2842 6106,2840 6162,2840 6218,2838"/>
                <TextEquiv>
                    <Unicode>parura memoria raguicio. Datur in</Unicode>
                </TextEquiv>
            </TextLine>
            <TextLine id="r8l27" custom="readingOrder {index:26;}">
                <Coords points="5088,2940 6219,2971 6252,2962 6253,2845 6067,2889 5932,2852 5089,2877"/>
                <Baseline points="5104,2922 5160,2924 5217,2924 5273,2924 5330,2926 5387,2926 5443,2926 5500,2926 5556,2926 5613,2928 5670,2928 5726,2928 5783,2928 5839,2928 5896,2930 5953,2930 6009,2930 6066,2932 6122,2932 6179,2933 6236,2934"/>
                <TextEquiv>
                    <Unicode>telligi. quali patenter dieat dominus</Unicode>
                </TextEquiv>
            </TextLine>
            <TextLine id="r8l28" custom="readingOrder {index:27;}">
                <Coords points="5067,3029 6096,3032 6141,3071 6255,3039 6256,2961 5068,2939"/>
                <Baseline points="5082,3016 5153,3013 5210,3012 5267,3012 5324,3012 5382,3012 5439,3012 5496,3012 5553,3012 5610,3012 5668,3014 5725,3014 5782,3015 5839,3016 5896,3017 5954,3018 6011,3018 6068,3020 6125,3020 6182,3022 6240,3022"/>
                <TextEquiv>
                    <Unicode>attendite couere idece ltatum pri</Unicode>
                </TextEquiv>
            </TextLine>
            <TextLine id="r8l29" custom="readingOrder {index:28;}">
                <Coords points="5092,3123 6250,3140 6221,3038 6140,3070 5093,3039"/>
                <Baseline points="5108,3106 5164,3106 5220,3108 5277,3108 5333,3108 5390,3108 5446,3110 5502,3110 5559,3110 5615,3110 5672,3110 5728,3110 5784,3110 5841,3110 5897,3110 5954,3110 6010,3112 6066,3112 6123,3114 6179,3116 6236,3118"/>
                <TextEquiv>
                    <Unicode>ne nostre converlacion ipectorum ma</Unicode>
                </TextEquiv>
            </TextLine>
            <TextLine id="r8l30" custom="readingOrder {index:29;}">
                <Coords points="5087,3219 6219,3235 6219,3142 6108,3129 5088,3150"/>
                <Baseline points="5102,3196 5157,3198 5212,3198 5267,3200 5322,3200 5377,3202 5432,3202 5487,3202 5542,3202 5597,3202 5653,3202 5708,3202 5763,3202 5818,3202 5873,3202 5928,3204 5983,3204 6038,3204 6093,3204 6148,3206 6204,3206"/>
                <TextEquiv>
                    <Unicode>cuai expiare catagite per denctum dig</Unicode>
                </TextEquiv>
            </TextLine>
            <TextLine id="r8l31" custom="readingOrder {index:30;}">
                <Coords points="5093,3317 6240,3305 6240,3230 5094,3224"/>
                <Baseline points="5108,3284 5163,3286 5219,3286 5275,3286 5331,3286 5387,3288 5442,3288 5498,3288 5554,3290 5610,3290 5666,3290 5721,3290 5777,3292 5833,3292 5889,3292 5945,3293 6000,3294 6056,3294 6112,3296 6168,3296 6224,3298"/>
                <TextEquiv>
                    <Unicode>ne latillacioni. sccti autem quia ri</Unicode>
                </TextEquiv>
            </TextLine>
            <TextLine id="r8l32" custom="readingOrder {index:31;}">
                <Coords points="5083,3423 5251,3392 5560,3429 5614,3393 5797,3426 6128,3402 6181,3436 6223,3419 6225,3311 5792,3339 5084,3309"/>
                <Baseline points="5098,3386 5153,3384 5209,3383 5264,3382 5320,3382 5376,3382 5431,3382 5487,3382 5542,3382 5598,3383 5654,3384 5709,3384 5765,3386 5820,3387 5876,3388 5932,3390 5987,3391 6043,3392 6098,3393 6154,3394 6210,3396"/>
                <TextEquiv>
                    <Unicode>gilare et orare, opera sunt penitentie, quod</Unicode>
                </TextEquiv>
            </TextLine>
            <TextLine id="r8l33" custom="readingOrder {index:32;}">
                <Coords points="5087,3484 6200,3507 6258,3490 6259,3412 5088,3421"/>
                <Baseline points="5104,3462 5161,3463 5218,3464 5275,3464 5332,3466 5389,3466 5446,3468 5503,3468 5560,3470 5617,3470 5674,3471 5731,3472 5788,3472 5845,3474 5902,3476 5959,3476 6016,3478 6073,3479 6130,3480 6187,3482 6244,3484"/>
                <TextEquiv>
                    <Unicode>eni lompvolencia itepiditate delin</Unicode>
                </TextEquiv>
            </TextLine>
            <TextLine id="r8l34" custom="readingOrder {index:33;}">
                <Coords points="5081,3571 6239,3585 6240,3501 6165,3491 5082,3490"/>
                <Baseline points="5097,3556 5175,3550 5230,3550 5285,3552 5340,3552 5396,3552 5451,3554 5506,3554 5561,3554 5616,3554 5672,3556 5727,3556 5782,3556 5837,3558 5892,3558 5948,3558 6003,3559 6058,3560 6113,3560 6168,3562 6224,3562"/>
                <TextEquiv>
                    <Unicode>quitur necelle et ut inttancia et alli</Unicode>
                </TextEquiv>
            </TextLine>
            <TextLine id="r8l35" custom="readingOrder {index:34;}">
                <Coords points="5056,3662 6052,3696 6245,3659 6245,3605 5955,3572 5057,3581"/>
                <Baseline points="5073,3641 5150,3638 5207,3640 5264,3640 5321,3641 5378,3642 5434,3642 5491,3642 5548,3642 5605,3644 5662,3644 5718,3644 5775,3644 5832,3644 5889,3646 5946,3646 6002,3648 6059,3648 6116,3650 6173,3652 6230,3654"/>
                <TextEquiv>
                    <Unicode>durtate jigniarum lovicici expeietur</Unicode>
                </TextEquiv>
            </TextLine>
            <TextLine id="r8l36" custom="readingOrder {index:35;}">
                <Coords points="5068,3752 6115,3776 6184,3762 6185,3687 5069,3674"/>
                <Baseline points="5084,3728 5168,3726 5221,3728 5273,3730 5326,3732 5379,3732 5431,3733 5484,3734 5536,3734 5589,3734 5642,3734 5694,3736 5747,3736 5799,3736 5852,3738 5905,3738 5957,3740 6010,3742 6062,3744 6115,3746 6168,3750"/>
                <TextEquiv>
                    <Unicode>locdei criminci, Rregueris i derora</Unicode>
                </TextEquiv>
            </TextLine>
            <TextLine id="r8l37" custom="readingOrder {index:36;}">
                <Coords points="5080,3852 6241,3865 6209,3757 5081,3759"/>
                <Baseline points="5096,3820 5152,3822 5209,3824 5265,3824 5322,3826 5378,3826 5435,3826 5491,3826 5548,3827 5604,3828 5661,3828 5717,3828 5774,3828 5830,3828 5887,3828 5943,3828 6000,3829 6056,3830 6113,3832 6169,3833 6226,3836"/>
                <TextEquiv>
                    <Unicode>purgao oracio. que li ao doina corde con</Unicode>
                </TextEquiv>
            </TextLine>
            <TextLine id="r8l38" custom="readingOrder {index:37;}">
                <Coords points="5075,3939 6234,3935 6208,3854 5077,3849"/>
                <Baseline points="5092,3908 5167,3906 5222,3908 5278,3908 5333,3910 5389,3910 5444,3911 5499,3912 5555,3913 5610,3914 5666,3914 5721,3916 5776,3917 5832,3918 5887,3918 5943,3920 5998,3920 6053,3922 6109,3924 6164,3925 6220,3926"/>
                <TextEquiv>
                    <Unicode>terto dreigitur, prodecerto àperiterite di</Unicode>
                </TextEquiv>
            </TextLine>
            <TextLine id="r8l39" custom="readingOrder {index:38;}">
                <Coords points="5081,4024 5820,4019 5915,4054 5991,4019 6192,4025 6193,3962 6046,3936 5083,3940"/>
                <Baseline points="5096,3996 5150,3996 5204,3996 5258,3998 5312,3998 5366,3998 5420,4000 5474,4000 5528,4002 5582,4003 5637,4004 5691,4005 5745,4006 5799,4007 5853,4008 5907,4009 5961,4010 6015,4010 6069,4011 6123,4012 6178,4012"/>
                <TextEquiv>
                    <Unicode>guil Penitentie tenctu exibetur.</Unicode>
                </TextEquiv>
            </TextLine>
            <TextLine id="r8l40" custom="readingOrder {index:39;}">
                <Coords points="5077,4117 6136,4124 6212,4116 6213,4038 5078,4027"/>
                <Baseline points="5094,4086 5149,4086 5204,4086 5259,4086 5314,4086 5370,4088 5425,4088 5480,4088 5535,4089 5590,4090 5646,4090 5701,4091 5756,4092 5811,4092 5866,4094 5922,4094 5977,4095 6032,4096 6087,4096 6142,4097 6198,4098"/>
                <TextEquiv>
                    <Unicode>exempui ctiam dominis nos initar</Unicode>
                </TextEquiv>
            </TextLine>
            <TextLine id="r8l41" custom="readingOrder {index:40;}">
                <Coords points="5089,4176 5596,4185 5640,4222 5710,4184 6220,4193 6221,4127 6182,4109 5090,4116"/>
                <Baseline points="5104,4164 5159,4166 5214,4166 5269,4168 5324,4168 5379,4170 5434,4170 5489,4172 5544,4172 5599,4172 5655,4174 5710,4174 5765,4174 5820,4175 5875,4176 5930,4176 5985,4177 6040,4178 6095,4178 6150,4179 6206,4180"/>
                <TextEquiv>
                    <Unicode>adpentenciam. In hoc erum quod</Unicode>
                </TextEquiv>
            </TextLine>
            <TextLine id="r8l42" custom="readingOrder {index:41;}">
                <Coords points="5088,4294 5571,4291 5723,4329 5880,4274 6159,4290 6204,4329 6267,4297 6268,4201 5824,4184 5674,4221 5089,4177"/>
                <Baseline points="5104,4252 5161,4254 5218,4256 5276,4258 5333,4259 5391,4260 5448,4260 5505,4260 5563,4262 5620,4262 5678,4262 5735,4262 5792,4262 5850,4262 5907,4262 5965,4264 6022,4265 6079,4266 6137,4268 6194,4270 6252,4274"/>
                <TextEquiv>
                    <Unicode>cor itam iaigna pro nobil futtinen</Unicode>
                </TextEquiv>
            </TextLine>
            <TextEquiv>
                <Unicode>lint lermum cl grotum medieril
milerii milericori imvlerator inuure
ril contorum Maneriiz diverlil tone
torum generibus redoculante iperitino
le desperacion cedio ductiui Latigatum.
pis cororator in ipse recuperanda, cam
tatil troverarre conttituit. Nria auttem
medicuraria medieni noster ad nos verii
l lecum detrait iareribus nosril ad
odum necectaria, canteriu indencee
Nguertu  antidorum. P canterium
quo prccredo manerum precroitur, ilar
et emandatur, àMartando peniteritie con
venerit intelugitur, ad graia redeptor
noster nos muttat muttiplicre. modo
quidem parlemetipiu, modo perlegem
prophal modo per à plos idei catholice
coctores magittros, invitar autem
per lemet ipsum vervi pariter etexempl.
verbil, acut habetis inevanglio. or
lervol expectantes clui luvi merner
à Paratol occurrere, Aollierte Amovet
dicerl, videce iguate et orate nelei
tl erum quando dominu domeilne
rat. Inverro videndi pretritarim cra
parura memoria raguicio. Datur in
telligi. quali patenter dieat dominus
attendite couere idece ltatum pri
ne nostre converlacion ipectorum ma
cuai expiare catagite per denctum dig
ne latillacioni. sccti autem quia ri
gilare et orare, opera sunt penitentie, quod
eni lompvolencia itepiditate delin
quitur necelle et ut inttancia et alli
durtate jigniarum lovicici expeietur
locdei criminci, Rregueris i derora
purgao oracio. que li ao doina corde con
terto dreigitur, prodecerto àperiterite di
guil Penitentie tenctu exibetur.
exempui ctiam dominis nos initar
adpentenciam. In hoc erum quod
cor itam iaigna pro nobil futtinen</Unicode>
            </TextEquiv>
        </TextRegion>
    </Page>
</PcGts>
