3436 4628
855 487 1965 557 ef a priurs sa fuitfe et asaissesauour
855 579 1975 647 qui iecouri sauoitsans nuf sesfant
855 667 1978 737 s au du esf demoure qui cu ẏers ches
850 759 1972 828 u qfier fiere ment fest coms afu.naĩs
855 849 1971 919 peu suẏ as afu sa force.car seferd che
853 939 1977 1010 uafier fus ci dome fes coup qui fuẏ a
839 1030 1978 1102 r ompu sa cuisse et fup a osfesasie ef
851 1122 1965 1192 demour aisa dessus sa ferre moit et so
859 1212 1973 1282 compaigno sen ret ourna qui i oust
853 1304 1966 1371 foit estoitnaure.Sien sit se rop pe
854 1394 1967 1464 pinfas aissance duserd cheuasier ef
849 1485 1966 1555 aussifir et fes quitressaros dequoẏ
843 1576 1954 1643 iioust se priserent.A cesse seure fust
845 1667 1955 1740 se roẏdrescec ses esiōars es ses sn
842 1758 1968 1827 nieres.puis  fait somer fr omi poe fs
841 1850 1962 1917 tes et clarons.puis agrant puiss an
849 1940 1955 2009 ce darnes de meurs har dis ef de coit
832 2030 1960 2099 r aigesaissat ont ass aistẏsarmee du
857 2120 1956 2193 souss an mor aoin.Ns fust defoufes
841 2213 1957 2283 pars se crẏsi grant que nus ne se ses
840 2302 1966 2374 ur oit etimer.Carr qins ef creffiens
837 2394 1961 2465 sungsautre aNaissiref mainfzer ais
840 2486 1952 2558 iszonf fire et maintes sances Grisees
836 2577 1964 2650 ef dune par fie et doustre plusieurs
838 2668 1952 2738 ci mort siurez.ci fust misson dans
825 2761 1953 2828 gler seques enfre fes qustres oit.Le
836 2852 1958 2923 rop dacquisse qui saisoit grat desfru
831 2944 1952 3009 cfioii de cre ffiens ef piceuse occisioi.
844 3033 1950 3099 Et aussi ioff quis sautsa Je asa des
834 3122 1949 3195 uers fuẏet dune hache darmes iuss
839 3215 1941 3283 ques au mentonsa fesse fus fenōit.
833 3306 1945 3373 ef adeup oufrois papens acesse ẏeu
826 3395 1942 3467 re fasie fousif.ef fant fists aissates
841 3485 1955 3555 armes que se sous san mor aoin qui
829 3575 1952 3647 fant ost Caperceust sicria ẏaustemēt
831 3668 1929 3737 a ses gens quisz ass aississent misson
826 3759 1940 3827 dangler qui desarrasins si graf mur
829 3852 1947 3920 tre faisost.Tu com andenet du souf
2087 491 3192 569 sun fust ẏlisson saugser se foufes
2081 585 3184 658 pars aN aistp par paies et sarr asns
2075 675 3192 746 ef en fesse sufiecflonmis q a son che
2075 764 3178 836 uas  iz coupperet ẏne cuisse parquoẏ
2069 852 3191 927 if fust cotraint de choir a ferre et ence
2079 945 3186 1017 sup edroit fusf mort et occẏs se neusf
2073 1033 3179 1108 esie se fers cheu isier qui masgre sars
2071 1131 3179 1199 r asius se soutfaensa presse et fant
2073 1218 3183 1288 en asafit efrua par ferre quis aprois
2071 1309 3175 1377 csi de misson dauqser et sup fist teste
2068 1399 3176 1469 apde.qui supsaissa cheucset se mons
2079 1491 3170 1559 fa dessus.Ai cesse feure firent sesers
2065 1582 3184 1651 cheu asier et misson dangler si granf
2061 1673 3183 1739 s qisTance darmes confre ses parens
2061 1761 3176 1830 que frop forte chose seroit de seurs
2065 1852 3180 1922 gr andes proessesracompfer.car nus
2073 1941 3173 2012 qui de uant eusp se ir ouuoit lamaĩs
2071 2031 3168 2103 Sifue sen ref ournoit.gr aide fustsa
2069 2123 3180 2194 s al qisse ef moust dura.pepuiet ses
2054 2215 3170 2286 Gens ce sour sirenf bes paẏes moust
2064 2307 3174 2374 gr anf deffruefion.Muais nonos itanf
2062 2395 3171 2465 seurssaisTances se chapessent perdit
2081 2489 3174 2559 e neust esesempereur degrece qui a
2067 2579 3172 2648 fout son ost saissamet acopaigne de
2053 2671 3180 2737 Lautre parf ses papens fat et si fiere
2053 2760 3178 2829 uiet.as aissẏsgr ant nosre ci cesse fru
2051 2850 3156 2919 re moururent.Bien cogne uff se rop q
2060 2941 3174 3012 sepereur faisoit darmes moust gr ct
2059 3034 3173 3102 deuoir.Il re prinf force ef cour aqe ef
2075 3123 3171 3193 es qes rasia puis enfraenfusat aif
2061 3215 3164 3282 se plus ardament qdeuaf.ef cise fus
2052 3306 3166 3373 ref paẏes de deup pars as' aisfis foit
2053 3484 3167 3555 pui si aprocha de sepereur is furs a dit
2061 3577 3157 3646 fr qe price ordo'monstrezsaissāt.car
2052 3667 3168 3735 au sour dup par noẏ de soffre feme
2042 3759 3164 3831 Sessiss ant aureznouruesses.a ces pa
2031 3851 3163 3926 roses fust sepereur iopeusp et doussai
