3336 4540
251 429 1368 500 poiesse auoir sictoire.apres ceste si
260 518 1352 587 ctoire sisentin fust des ar me puis as
260 608 1312 678 sa ensa chamẏre de safesse fezones
246 697 1356 769 ne faust point demander sesse fust de
270 785 1350 859 sa senue moust iopeuse quant sasen
257 874 1351 948 tinsain estoit ret ourne chascu en tes
250 966 1354 1038 noit gr anf compfe pour sa procse
256 1054 1350 1125 etsaissance.Bes grans et des pes
261 1142 1336 1216 fls fust prise.ef quant Gint cu sop
253 1230 1348 1304 per se duc dacquitcisne fant dome ur
258 1321 1346 1393 fup sousuf faire que a sa propie tas
248 1410 1344 1483 Ose cu psus pies de fup sepousut saĩs
251 1498 1344 1572 re se oir come sa persoime.Le sou pper
263 1590 1336 1663 se passa en deuisant de psusieurs cho
262 1680 1348 1751 ses.apressasentin se retr ahit en pre
243 1768 1337 1841 nanf conge du duc et des qustres sa
242 1858 1346 1929 rons.puis enfrci ensone cẏamOre sez
241 1948 1335 2020 cre fe pour ses psaies mediciner.car
247 2038 1343 2107 fropfoif naure esf oif.et quat if fuf
247 2126 1339 2196 med icine is enfra ousit pour prendre
244 2215 1332 2287 re pos.et se sers cheu afier est en son
243 2304 1335 2376 pauisson quide sonsausme fait out
249 2393 1339 2467 Ore ses psaies.car if mẏa plaie sigra
232 2482 1328 2555 de que fanfost de cest ongnement ne
247 2571 1335 2648 soit guar se comme deuant.Si sos
229 2660 1336 2738 saiNseraẏ ci parser de fup et parser aẏ
244 2749 1340 2825 descs en tin seques est en sa chamre
241 2840 1329 2914 faisanf gr andes compsainfes ef pio
237 2931 904 3002 ceuses sament afions.
323 3107 1343 3179 Doinmentsasenfin par sa grace
235 3197 1335 3272 de dieus auiss denuoẏer se sendemāt
226 3285 1334 3361 cui mafsn orson pour cos atre ausers
225 3375 1323 3450 cheu afier.et comet sedit orsonfes ai
233 3466 1329 3544 quiff et coqueffa comegosores.Pe.
508 3554 1332 3627 Oute cesse nurt fut se fant
484 3643 1328 3719 s cisentin en son fit qui sang
234 3650 279 3717 f
495 3737 1331 3806 piendre repos de cueur fen
1634 1489 1710 1557 t
1442 1691 2529 1767 dreniet souspir oit en disant paroses
1445 1784 2541 1855 piseuses sassement apart suẏ.Mes as
1437 1871 2535 1945 Orap dieu fout puissat or soẏ ie sie
1442 1961 2536 2036 niaintenant que nion enfre prinse ias
1433 2053 2536 2124 miais nesiendrap a fu se parsoffre
1437 2141 2536 2212 gr ace efsainte fonfe de moẏ nauez pi
1444 2229 2535 2301 fie en moẏ domant secours et rescos
1463 2318 2538 2393 toif confre ce fauss paẏen qui a ma
1436 2407 2528 2483 moit iuree.Besas oi cuop ie efrepris
1435 2499 2536 2573 ef effoif nion infe tion fermee de pro
1437 2587 2533 2661 pos arresfe ef desifere que iam ais a
1426 2675 2515 2749 nus iour mis coips naur oit repos ius
1432 2765 2535 2838 ques ace que se puisse seauoir de q'
1436 2856 2534 2928 pere se fus engendie ef de quesse mes
1431 2943 2506 3019 re ie fus porte et enfante sur ferre.
1429 3033 2527 3107 mais se cognop sien que ce que fom:
1422 3123 2528 3198 me priopose nesf pas chose parfaicte
1429 3211 2534 3288 ne de segier ccheuee.Pour noẏ ie se
1429 3299 2529 3380 puis Bien dire.car quoit ie enfre pris
1430 3391 2530 3468 se champ desat aisse cotre seferd ches
1430 3480 2530 3556 uasier fr op me fusf forfune contr au
1433 3570 2530 3651 re pues quis est fef qiamais ne peust
1440 3658 2535 3738 effres aincu sinon dug cheu asier qui
1460 3752 2546 3828 oit fizde rop et qe.i tesse maniere
2333 3879 2413 3947 f ul
