3412 4628
834 483 1933 562 fier q se fr ouua san.gl aisue is tours
828 576 1940 654 n a se cheuas pour sasroiz recoiurer.
832 666 1942 739 Etsasentu fust pres que de son es
830 756 1939 832 pee coupoa ongdes piedz du che uas
828 845 1938 924 cessement que paien ef cheucf cifers
825 937 1944 1013 re cheurent.Et quant if fuf aPas ci
838 1026 1940 1107 ferre ccoupse seuci ius etsint Sers
834 1116 1928 1196 s ais en finet ci sorce de Pras ont funs
838 1207 1934 1287 Laufre serre.Sine saust pas demas
840 1297 1932 1378 " Der se cs ascui deusp nionffrai ef emns
820 1390 1944 1471 ploẏa sa puissance et sa force.et pour
825 1478 1942 1560 " Orie fue parose faire tat fust sa guer
832 1570 1940 1652 re des deus cheuasiers fiere et mers
830 1661 1942 1740 ueisseuse que sung etsaufre furent
834 1750 1949 1831 moust fort naurez.uiaigs fant I qs
840 1840 1956 1917 li oit quc comsien quesasentni par
856 1926 1950 2016 ai puiss auce darmes domnast plusĩs
838 2016 1938 2103 eurs coupz au Papen riens nesu ẏ
832 2110 1940 2193 prouffit a.Car dusausine qui pors
834 2200 1937 2287 toif fantost entoit samefguarp com
836 2289 1942 2376 me de uant.Ei ce pouit furent coms
838 2376 1927 2471 Sat ant si fonguement que se iour sẏ
837 2472 1954 2558 seur faissit et si cr cuaisse se sentirent
844 2564 1957 2646 Et noi pas sans canse.Dosent et
839 2652 1956 2743 tresdesplassant fusi se cheuasier paf
835 2743 1948 2833 enque Dasenfin nauoit peu descons
850 2836 1950 2925 fire.Et lassoit ce qui fusi moust las
872 2927 1953 3016 is nen uionfiroit is pas se semssant.
844 3013 1942 3111 mais is dist ascs enfin.cheualier do
830 3106 1944 3202 res es quant is conuient sa fat aisse
844 3203 1952 3289 ce Nier.Nar ie soẏ que sus esses fr ci
838 3287 1952 3381 uaisse et moust foit sas.Etdaustre
836 3378 1956 3472 part sa nuẏt saproche et descsme.Le
850 3472 1948 3561 iour si me ier oit pefit domneur quot
838 3561 1952 3653 en ce point ie oous conquerrope res
842 3658 1941 3744 tournez en acquifuine cesle nuẏt ẏo'
830 3744 1944 3832 re poser.Qar fien sanfer sous poit
848 3836 1947 3925 ez deuant toufe sgens qiamais pel
2034 469 3142 548 s qisTanf ques ol amon corps ne soit
2046 563 3142 639 E qi mais demanz au mctn ret ours
2041 649 3143 730 nezen ce champet sous pourrez siē
2050 742 3139 820 dire a dleu fos ẏoz anus car famaĩs
2038 834 3147 909 eschapper de mort sous ne pourrez.
2044 924 3140 1002 sasentin fust iopeus de sesser se paẏ
2040 1015 3148 1092 en car sasse effoit ef foif naure si as a
2044 1105 3146 1182 " Sers son cheucis.seques enOnꝯ Sers
2040 1195 3144 1271 pie estoif enfre.is se prit par se frqin
2043 1282 3156 1365 ef nionfa dessus pour rec ourner en
2049 1378 3155 1452 acquifame Et quant ceusp de sa cite
2045 1470 3163 1546 Seirent quis esioit ref ourne iz mene
2045 1561 3149 1638 rent grant seẏie.e duc et ses saros
2065 1648 3151 1730 aissirent a sa porie quisosenfu res
2052 1742 3154 1816 ceurent moust ẏomour csse menf en
2056 1832 3157 1908 fre sesquesz suf oison quien faisoit
2050 1924 3159 2004 gr cit.Hiere entre ses fras se print ef
2054 2013 3151 2088 quif is fut au pusais.se duc dacquis
2051 2102 3154 2181 taine sus demand a des noituesses dit
2056 2194 3166 2272 " Sers qsieu asier.Sire diuisasentin if
2051 2287 3155 2358 est en son re paire dedens sonserd pa
2050 2374 3127 2448 uisson sa ou il se repose.tant est put
2074 2468 3147 2542 anfet sort que ie ne cuide pas q nus
2059 2559 3156 2631 tant soit soit nes aissant se puisse co
2052 2648 3157 2717 querir se lieu par sa grace nẏ mostre
2042 2738 3160 2811 euidet mirele.Salenfnidist se duc
2052 2830 3156 2904 Bieiz aue z ouure.Qar onqs nus ne n
2044 2919 3160 2992 ref ourisa qui ne mourust aẏofe par
2056 3011 3170 3084 ses mains du Sers cheu asier.Bien ci
2060 3102 3146 3178 uez nionfre que fur cous ses austres
2055 3192 3167 3265 sous estes cheucsier et psainz de grāt
2058 3283 3158 3358 proe se.ranc duc dist sasentu de
2046 3375 3158 3449 ma proe sse confre suẏ Je ne me puis
2052 3466 3158 3538 ancores sonfer.Aar deniain qu ma
2059 3556 3167 3629 fu doit cẏrre efre supet moẏ nouuef
2056 3646 3159 3719 se sat aisse.Or me soit dieue n aẏde
2052 3738 3158 3813 ef resconfozf.car sans suẏnus ne peut
2043 3831 3155 3903 cotre se ẏers cheuasier par force cors
