3336 4540
258 428 1354 501 cōtre vostre corps tene me soye cōba¬
263 519 1357 587 tu. Par mahon dist le payen folie
264 608 1352 678 trop grande te maine. et semble que
263 698 1347 769 par trahyson tu ne veullez vaincre
249 786 1348 856 et cōquerir. mais tost te monsterray
257 875 1343 946 q̄ ton oultrecuidāce te tournera a do¬
251 965 1340 1034 maige villain et hōteulx. lors a pris
271 1056 1325 1126 sō cheual et subtillemēt est sailly des
271 1146 1348 1214 sus et appella vng sien varlet qui a¬
259 1234 1352 1302 uoit nō gobart et luy cōmanda quil
245 1325 1348 1393 luy aportast vne boiste en laq̄lle il a¬
255 1414 1344 1483 uoit dedens du baulme de nostre sei¬
233 1502 1333 1580 gneur iesucrist lequel ongnemēt ain¬
271 1593 1349 1663 si q̄ nous trouuons par escript est de
269 1682 1343 1756 si grande vertu et merite que il nest
251 1772 1348 1841 plaie mortelle ne si dangereuse quāt
237 1844 1351 1932 elle en est oincte q̄ tantost ne soit gue
243 1952 1348 2021 rie Jceluy ongnement auoit le payē
257 2042 1342 2110 de long temps auec luy garde. et en
247 2130 1340 2204 plusieurs grans dāgiers lauoit sou
239 2223 1350 2291 uent deffendu. Ap̄s quil eust ce fait
246 2312 1347 2382 il frappa des esperons la lance sur la
244 2402 1348 2472 cuisse puis sont ven⁹ lung contre lau
242 2490 1340 2566 tre et si fermemēt ont lūg lautre rē¬
244 2579 1346 2655 contre de leurs deux lāces q̄ les pie¬
242 2670 1340 2744 ces de toutes pars sont volees Les
237 2762 1346 2833 cheuaulx passerent oultre et quant
240 2850 1337 2922 vint au retour ilz tirerent leurs es¬
235 2939 1325 3015 pees luisantes pour lung lautre as¬
255 3030 1340 3102 saillir. Valentin fut trespreux har¬
257 3120 1333 3190 dy et dilligent des armes tāt que de
255 3209 1336 3282 sō espee au cheualier verd bailla vng
242 3298 1335 3375 coup si grant que le harnoys tailla
244 3386 1333 3466 et rompit tant que du corps luy fist
244 3478 1332 3554 le sang aual courir a grant randon.
226 3566 1337 3641 Et quant le verd cheualier se sentit
250 3657 1330 3733 feru et naure Il leua hault son bras
239 3748 1332 3825 et de son espee qui portoit frappa va
1457 437 2546 508 lentin sur sa cuisse si grant coup que
1458 526 2538 599 de la chair luy getta bas vns grant
1445 617 2539 688 morceau. puis luy dist  Vous pouez
1453 706 2542 778 cognoistre se de lespee ie scay iouer.
1445 798 2534 866 Asses ie vous auoye dit deuant que
1445 885 2543 954 de mes mains vous conuiendroit fi
1452 973 2536 1044 ner voz iours se contre moy le chāp
1453 1066 2536 1135 enfreprendre vous vouliez Trop a
1453 1156 2536 1225 temps venistes deuers moy et tard
1453 1244 2546 1314 vous en retournerez. Car iay esperā
