2481 1749
271 879 311 910 X

997 85 1074 125 (Hi
1086 89 1115 129 i)
1137 93 1215 125 Item
1226 92 1330 125 quant,
1344 87 1449 125 grani,
1466 87 1512 115 dc-

931 140 939 169 ,
954 133 1107 167 mandant,
1120 133 1250 164 sachant,
1264 133 1332 157 tant
1341 134 1371 159 et
1379 130 1460 158 totes
1469 130 1512 158 les

955 174 1115 213 participis
1146 177 1266 205 serront
1299 172 1431 209 escriptz
1455 182 1513 202 ove

956 225 975 243 n
999 224 1073 247 sans
1091 228 1119 248 u.
1143 217 1209 247 Mes
1228 224 1268 243 en
1281 214 1374 243 lisant
1385 214 1405 244 il
1421 224 1515 244 avéra

957 258 985 284 le
1019 267 1103 288 soun
1138 262 1178 288 de
1212 266 1238 285 u.
1284 254 1326 291 (H
1352 256 1402 292 12)
1434 258 1513 285 Item

957 299 1023 339 tielz
1060 299 1219 340 participis
1250 295 1414 338 joyn[t]es
1443 309 1461 328 a
1484 299 1513 328 la

957 342 1081 371 femelle
1114 346 1256 383 fyneront
1288 349 1329 368 en
1352 349 1366 368 e
1389 341 1415 369 el
1450 341 1513 370 sin-

957 384 1044 420 guler
1080 392 1112 416 et
1146 396 1186 415 en
1207 385 1234 412 le
1265 383 1370 411 madle
1394 392 1469 413 sanz
1492 394 1512 412 e.

958 423 1000 465 (H
1017 425 1067 464 13)
1081 428 1162 466 Item
1172 428 1269 466 graut
1279 427 1377 463 quant
1397 425 1414 454 il
1429 435 1514 455 serra

954 468 1044 505 joynt
1067 478 1087 498 a
1110 472 1140 500 la
1161 469 1279 503 femele,
1303 468 1332 496 la
1355 470 1368 494 t
1389 471 1514 498 tornera

958 512 998 538 en
1022 512 1044 537 d
1065 521 1156 549 come
1177 510 1294 549 grande
1311 510 1380 546 pìie.

389 877 432 917 (T
450 879 499 916 14)
527 879 617 910 Item
648 877 721 909 moi
768 877 820 909 toi
853 877 908 909 soi

336 918 405 961 foi
437 919 511 951 Roi
542 924 578 953 et
608 920 734 953 similia
757 925 907 961 possunt

348 961 455 1004 scribi
485 972 551 1004 per
585 972 603 992 o
632 963 690 994 vel
718 971 782 1004 per
811 971 828 993 e
857 961 904 993 in¬

348 1004 552 1036 differenter
575 1015 641 1045 per
665 1005 905 1036 diversitatem

349 1050 384 1077 et
402 1055 503 1077 usum
526 1045 646 1086 ling-ue
670 1045 863 1078 Gallicane.

1004 720 1043 753 (H
1057 719 1101 754 14)
1120 723 1157 747 Et
1175 720 1269 751 sachez
1288 727 1320 751 qe
1340 726 1417 751 apres
1434 727 1457 750 g
1482 728 1516 743 ne

959 764 977 787 q
995 763 1015 779 u
1034 762 1068 780 ne
1090 764 1163 789 serra
1175 762 1223 789 pas
1237 762 1304 779 sone
1317 761 1393 786 come
1407 757 1508 786 quatre
1508 772 1515 784 ,

955 798 1065 823 guerre
1083 791 1164 826 liriez
1184 794 1263 826 qatre
1263 798 1269 823 ,
1289 798 1367 823 gere.

1005 879 1046 918 (H
1057 878 1113 917 41)
1129 878 1221 918 Item
1233 879 1312 918 (hee
1326 877 1516 915 dicciones)

962 930 1035 960 moy
1056 921 1111 961 toy
1127 921 1272 962 soy.Roy
1295 920 1414 960 scriby
1435 930 1517 960 pos¬

962 967 1043 1003 sunt
1063 971 1128 1003 per
1154 973 1172 993 o
1195 963 1253 1003 vel
1272 972 1337 1003 per
1357 971 1374 993 e
1398 971 1519 993 secun¬

963 1006 1045 1035 dum
1103 1004 1346 1036 diversitatem
1397 1005 1519 1044 lingue

964 1044 1191 1086 [Gallicane],
1213 1044 1278 1086 per
1299 1044 1317 1076 i
1334 1046 1392 1086 vel
1407 1056 1443 1086 y.

1611 81 1677 124 (CO
1690 85 1745 125 36)
1767 85 1846 114 Item
1869 84 1928 113 iste
1945 84 2053 113 sillabe
2068 94 2125 114 seu

1568 128 1729 165 dicciones
1753 130 1856 165 quant,
1876 127 1982 164 grani,
2007 127 2126 154 deman¬

1569 172 1650 205 dant,
1672 172 1797 201 sachant
1816 168 1847 198 et
1869 168 2049 198 huiusmodi
2071 170 2126 197 de¬

1568 213 1645 242 bent
1668 213 1756 243 scribi
1779 221 1850 240 cum
1866 210 1997 249 simplici
2024 220 2043 239 n
2060 211 2125 240 sine

1569 264 1597 283 u.
1623 256 1687 284 Sed
1709 256 1740 283 in
1754 253 2018 292 pronunciacione
2031 253 2127 281 debet

1568 307 1588 324 u
1613 294 1751 337 proferri.
1798 291 1839 334 (0
1853 303 1892 332 52
1919 291 1943 325 C
1957 293 2011 333 53)
2046 295 2126 324 Item

1569 342 1697 376 quando
1721 340 1781 367 ista
1803 339 1905 367 diccio
1925 337 2128 375 ^««/signi¬

1568 382 1643 411 ficat
1664 380 1914 418 magnitudinem
1935 384 1967 408 et
1983 380 2127 417 adjungi¬

1569 428 1618 454 tur
1634 433 1704 454 cum
1720 422 1868 452 feminino
1882 431 1998 460 genere
2022 422 2066 450 ita
2095 425 2128 450 ut

1570 476 1583 494 e
1606 468 1646 496 sit
1668 473 1811 503 sequens,
1836 468 1849 492 /
1869 465 2040 493 mutabitur
2062 465 2094 493 in
2112 465 2133 493 d

1568 513 1602 537 ut
1610 509 1616 539 :
1641 508 1765 537 Grande
1775 508 1867 544 dame,
1878 508 1998 544 grande
2009 507 2127 543 charge.

1610 568 1634 595 (0
1646 574 1676 592 53.
1684 567 1698 589 C
1705 573 1716 591 5
1718 574 1728 587 2
1730 567 1738 593 )
1749 567 1807 587 Item
1818 567 1908 594 quando
1919 567 1964 587 ista
1975 566 2047 593 diccio
2056 569 2129 593 grani

1569 593 1700 620 adjungitur
1715 593 1839 614 masculino
1848 592 1926 619 generi
1942 597 1977 622 ut:
1990 596 2064 622 grant
2073 594 2129 619 scig-

1569 619 1672 642 nonr.vel
1679 618 1769 644 quando
1779 619 1891 644 significat
1901 625 2079 643 concessionem,
2085 625 2129 639 non

1571 643 1693 665 mutabitur
1715 645 1725 663 t
1747 643 1769 664 in
1790 646 1812 668 d,
1830 643 1930 670 quamvis
1953 651 1965 664 e
1979 648 2089 669 sequatur
2106 648 2129 664 ut

1563 670 1618 696 fay
1629 670 1725 695 grante.

1617 713 1676 747 (CO
1690 714 1735 746 54)
1755 716 1821 739 Item
1840 717 1903 747 post
1918 722 1942 745 g
1951 714 1996 746 vel
2012 723 2029 746 q
2040 722 2129 746 quam¬

1573 751 1615 776 vis
1644 759 1663 774 u
1686 750 1818 774 scribatur
1846 758 1902 774 non
1932 750 2013 774 debet
2042 749 2130 774 sonari

1571 790 1601 820 ut
1631 789 1732 819 quatre
1733 794 1739 818 ,
1772 793 1880 818 guerre
1918 785 2017 810 debent
2044 784 2131 811 sonari

1571 826 1658 855 qatre,
1676 831 1754 853 gere.

1615 878 1684 917 (CO
1701 879 1753 917 26)
1779 878 1870 909 Item

1572 930 1646 961 moy
1679 922 1734 961 toy
1762 930 1819 961 soy
1843 924 1992 960 possunt
2025 918 2132 950 scribi

1572 971 1637 1003 per
1668 971 1685 993 c
1715 962 1772 994 vel
1796 972 1814 992 o
1817 986 1823 999 ,

1574 1044 1638 1086 per
1663 1044 1680 1075 i
1701 1045 1758 1086 vel
1773 1055 1801 1086 y
1824 1044 2101 1085 (indifferenter).
