2481 1749
928 93 978 126 luy
1006 103 1058 128 pur
1085 98 1126 122 les
1149 94 1244 120 oblics.
1283 94 1318 117 Et
1337 96 1401 124 qant
1419 101 1486 117 vous

927 134 1053 156 nomeres
1078 133 1123 157 nul
1152 131 1248 154 devant
1267 136 1333 152 vous
1353 136 1429 153 corne
1450 129 1489 153 cil

927 168 955 187 et
973 173 1035 198 moy
1036 185 1043 196 ,
1064 169 1133 192 celle
1152 172 1213 197 moy
1230 167 1271 188 est
1289 172 1322 188 en
1335 172 1440 188 raaneve
1452 165 1486 188 de

928 199 1010 227 oblic.
1036 204 1072 229 Et
1091 204 1113 229 si
1131 200 1198 227 vous
1218 200 1234 224 d
1237 200 1286 225 irre
1289 200 1301 232 z
1316 200 1365 232 jeo
1385 201 1412 225 ct
1430 201 1486 233 luy,

928 234 996 259 dont
1016 242 1059 263 est
1078 242 1126 273 luy
1145 236 1226 262 oblic.

975 291 1013 324 (H
1024 301 1058 327 45
1082 296 1114 321 cf.
1137 292 1181 325 86)
1207 291 1310 315 Auxint
1333 290 1486 316 altrefoithe

927 334 993 352 vous
1015 332 1159 357 escriverez
1180 331 1264 352 cestes
1284 330 1310 351 et
1330 326 1486 352 altrefoithe

928 370 1023 387 ceaux.
1066 368 1139 392 Dont
1158 363 1250 388 sachez
1270 370 1304 394 qe
1330 366 1416 387 cestes
1435 371 1486 387 ser¬

929 402 990 423 rons
1014 408 1066 432 pur
1084 403 1112 428 la
1130 398 1274 426 nominatif
1298 401 1324 422 et
1343 397 1491 432 l’acusatyf

929 437 955 459 et
974 442 1064 461 ceaux
1086 438 1206 463 serrount
1229 434 1341 466 escriptz
1366 442 1399 458 en
1426 439 1487 459 touz

927 469 967 494 les
988 470 1072 498 altres
1093 481 1174 499 cases.

976 524 1015 559 (H
1028 528 1075 561 86)
1113 527 1177 554 Item
1215 527 1241 550 le
1281 526 1426 551 nominatif
1463 531 1489 552 et

928 560 1090 597 l’accusatyf
1101 566 1126 590 el
1144 561 1232 598 plurel
1252 562 1286 587 de
1306 564 1331 587 is
1345 564 1404 587 eius
1418 570 1489 587 serra

928 597 1029 629 escript
1058 603 1139 625 celles
1141 618 1147 629 ,
1175 600 1199 623 la
1226 599 1340 630 genetyf,
1366 599 1446 631 datyf
1462 602 1489 623 et

929 632 1037 665 ablatyf
1053 643 1146 661 ceaux.

975 679 1014 713 (H
1023 688 1055 713 45
1060 687 1085 716 “)
1107 684 1168 708 Mes
1193 681 1216 706 si
1240 681 1281 705 les
1309 681 1408 706 chosez
1429 685 1490 706 sont

929 720 1054 749 presentz
1075 726 1111 743 ou
1131 721 1191 743 sunt
1210 724 1303 741 nomez
1324 722 1489 742 overtement

929 758 963 784 en
982 756 1098 784 present,
1119 761 1206 779 ceaux
1225 755 1332 777 tornera
1350 760 1383 777 en
1403 756 1488 778 cestes

928 789 1003 812 corne
1024 789 1057 812 de
1076 795 1161 815 cestes
1180 789 1273 814 choses
1294 796 1329 813 ou
1349 798 1382 813 en
1402 793 1488 814 cestes

928 824 1021 847 chosez
1040 831 1082 847 me
1103 829 1223 850 troverez
1237 827 1305 854 près
1309 827 1326 849 t.

964 869 1037 894 (II46)
1051 870 1137 890 Auxint
1150 876 1205 890 vous
1217 868 1344 891 escriverez
1354 870 1487 890 altrefoithe

927 894 985 915 totes
1007 897 1031 914 et
1037 920 1042 924 _
1050 894 1183 917 altrefoithe
1197 895 1250 916 touz
1263 894 1355 921 c’est(e)
1372 895 1486 918 assavoir:

927 919 961 939 les
983 920 1114 941 nominatifs
1131 926 1155 941 et
1180 920 1301 942 accusatifs
1322 924 1380 943 totes
1404 927 1428 942 et
1452 923 1486 943 les

928 945 999 964 altres
1024 944 1098 966 oblics
1118 948 1177 967 touz.

975 984 1013 1015 (H
1026 991 1036 1008 x
1044 991 1056 1016 5
1060 984 1069 1017 )
1099 986 1167 1016 Item
1180 986 1229 1016 jeo
1252 994 1313 1017 moy
1334 995 1404 1010 nous
1421 996 1489 1011 vous

929 1020 978 1052 luy
1007 1021 1047 1045 les
1067 1023 1116 1047 etc.
1137 1023 1241 1046 serront
1265 1021 1403 1056 escriptjz]
1425 1027 1487 1048 touz

926 1055 1000 1086 jours
1030 1058 1108 1079 avant
1137 1056 1178 1079 les
1207 1057 1303 1080 verbes
1324 1065 1400 1082 corne
1419 1066 1488 1082 vous

1539 96 1617 119 netur
1638 102 1685 126 pro
1708 93 1819 126 obliquo
1843 93 1872 125 ut
1887 93 1920 125 je
1941 97 1968 118 et
1987 95 2036 126 luy
2055 97 2099 120 vel

1539 131 1578 155 cil
1595 134 1623 155 et
1640 138 1708 163 moy.

1588 366 1643 399 (CO
1656 367 1701 398 76)
1720 367 1722 390 .
1732 367 1801 390 Item
1830 367 1859 390 in
1883 366 2049 390 nominativo
2075 369 2101 390 et

1540 402 1693 428 accusativo
1713 401 1837 427 scribetis
1857 405 1941 427 cestes
1964 403 2055 435 celles,
2073 402 2100 426 in

1540 439 1651 472 reliquis
1674 446 1734 462 vero
1754 438 1861 462 casibus
1883 446 1960 466 ceux,
1984 438 2036 462 nisi
2056 446 2098 462 res

1540 475 1691 506 specificate
1710 474 1763 506 sint
1781 477 1927 506 presentes,

1577 690 1641 710 tunc
1660 685 1783 710 scribetis
1804 691 1889 711 cestes
1908 686 1949 718 ut:
1964 686 2100 719 j'aymys

1541 730 1602 747 mon
1621 723 1683 746 seal
1700 730 1717 746 a
1732 726 1847 754 ycestes.

1585 988 1641 1019 (CO
1654 989 1699 1021 55)
1728 989 1797 1019 Item
1810 989 1859 1019 jeo
1881 997 1943 1021 moy
1963 997 2004 1012 me
2031 997 2100 1012 nous

1539 1026 1607 1049 vous
1627 1026 1676 1056 luy
1696 1026 1736 1049 les
1756 1024 1906 1049 scribentur
1924 1024 2101 1049 communiter

1540 1063 1601 1084 ante
1629 1060 1712 1084 verba
1736 1059 1793 1084 sine
1817 1059 1893 1092 signo
1914 1060 1943 1084 ut
1979 1060 2011 1084 de
2040 1063 2100 1084 touz

2154 1053 2204 1089 21
