2481 1749
1206 62 1257 86 No.
1276 62 1314 87 X.

985 133 1022 166 (II
1031 135 1078 167 42)
1117 135 1221 159 Auxint
1252 142 1317 159 vous
1348 134 1495 160 escriverez

939 169 1091 194 altrefoithe
1111 177 1171 202 moy
1191 170 1342 194 altrefoithe
1362 178 1404 193 me
1420 177 1497 195 corne

937 207 966 229 si
988 208 1049 230 rien
1075 207 1131 230 soit
1149 207 1245 230 devers
1269 214 1330 237 moy
1349 209 1375 229 et
1395 214 1437 229 me
1454 215 1496 230 re¬

938 242 1119 266 commandes
1138 250 1155 266 a
1176 249 1214 266 un
1235 242 1279 271 tel,
1299 240 1377 266 issint
1395 248 1429 274 qe
1448 249 1497 274 par

938 278 977 300 tot
1004 278 1031 307 le
1051 277 1125 307 pluis
1149 281 1213 307 qant
1232 285 1313 300 ascun
1333 278 1410 307 datyf
1428 278 1495 300 s’en-

939 311 999 344 suyt
1033 311 1170 336 l’acusalif
1206 311 1240 336 de
1274 312 1329 336 moi
1358 314 1402 344 toy
1438 319 1495 344 soy,

937 347 972 370 ils
992 350 1098 371 serront
1117 351 1205 372 tornez
1228 355 1261 372 en
1280 356 1322 371 me
1341 351 1367 372 te
1384 355 1420 371 se.

983 402 1023 433 (H
1033 404 1080 435 43)
1100 405 1136 427 Et
1156 405 1263 428 sachetz
1283 412 1316 435 qe
1334 404 1361 426 le
1375 404 1496 426 nomina-

937 438 979 470 tyf
1002 441 1028 463 et
1054 439 1199 472 l’acusatyf
1225 439 1259 464 de
1289 446 1339 470 ego
1363 438 1423 467 mei,
1455 445 1496 463 se¬

937 474 1024 499 cunde
1045 478 1071 499 et
1092 476 1172 508 tercie
1194 482 1309 508 persone
1330 474 1355 498 el
1375 474 1497 504 singuler

936 514 1042 534 serront
1073 512 1184 543 escriptz
1215 520 1256 535 me
1276 514 1301 535 te
1318 519 1355 538 se,
1383 509 1406 534 si
1435 510 1496 535 null

934 544 973 568 tel
994 545 1071 576 signe
1092 547 1237 571 destourbe

939 618 1015 640 corne
1034 618 1130 641 devers
1154 625 1215 650 moy
1240 618 1340 641 devant
1359 613 1415 648 [toy
1422 614 1448 650 "t]
1471 620 1498 641 et

939 649 1003 682 [alie
1011 651 1035 685 ?]
1056 654 1265 686 preposiciones.

982 699 1020 730 (H
1031 701 1091 733 43a)
1111 703 1146 725 Et
1165 706 1225 725 touz
1245 701 1285 724 lez
1306 699 1386 722 altres
1407 700 1495 725 oblics

936 733 1062 767 fyneront
1079 745 1113 771 en
1128 745 1150 771 y
1170 743 1243 762 corne
1262 741 1322 768 moy
1343 736 1387 768 toy
1407 743 1465 770 soy.

983 880 1022 913 (H
1032 881 1079 915 44)
1099 883 1135 906 Et
1153 878 1307 906 altrefoithe
1327 890 1392 906 vous
1410 882 1494 906 dirrez

936 924 998 949 moy
1023 920 1058 943 ou
1088 920 1137 950 luy
1165 920 1191 941 ct
1214 914 1370 950 altrefoithe
1390 918 1440 950 jeo
1459 925 1495 941 ou

937 953 975 976 cil
996 961 1072 978 corne
1093 955 1131 978 cil
1149 957 1175 977 et
1193 959 1261 983 moy,
1276 952 1326 983 jeo
1347 958 1375 979 et
1392 955 1449 985 luy.

983 1012 1018 1046 (H
1031 1013 1091 1047 44a)
1110 1015 1186 1039 Dont
1205 1011 1301 1038 sachez
1315 1022 1349 1047 qe
1360 1022 1425 1039 vous
1440 1021 1496 1045 gar-

937 1049 1015 1074 deres
1031 1054 1101 1075 ceste
1115 1051 1187 1074 reule
1206 1056 1239 1072 en
1258 1049 1306 1074 tiel
1318 1058 1423 1078 manere
1432 1050 1437 1081 ;
1447 1050 1497 1081 jeo

938 1087 965 1109 et
995 1088 1034 1110 cil
1057 1095 1106 1118 pur
1134 1086 1161 1110 le
1185 1084 1330 1110 nominatif
1348 1090 1374 1110 et
1392 1094 1453 1118 ?noy
1472 1090 1499 1111 et

2161 134 2212 173 20
1595 402 1653 435 (CO
1665 402 1710 435 58)
1727 403 1794 425 Item

1548 438 1576 463 in
1596 438 1748 463 accusativo
1769 443 1831 461 casu
1854 436 1985 468 singulari
2008 439 2106 464 scribe¬

1550 478 1593 499 tur
1607 483 1655 504 me,
1672 475 1699 499 in
1714 472 1825 504 reliquis
1840 472 1948 499 casibus
1966 484 2031 507 moy.

1596 508 1649 542 (CO
1663 510 1706 542 59)
1718 508 2015 542 Itemquandocumque
2033 519 2108 536 accu¬

1550 546 1647 570 sativus
1678 552 1754 570 casus
1782 543 1892 576 ponitur
1926 552 1987 569 cum
2019 547 2106 578 signo,

1550 585 1612 605 tunc
1642 582 1725 605 debet
1752 579 1832 604 scribi
1860 587 1922 610 moy
1947 583 1977 605 ut
2001 584 2029 606 si
2046 584 2107 607 rien

1548 616 1667 650 (thinge)
1688 617 1743 641 soit
1761 616 1855 639 devers
1874 622 1943 648 moy.

1596 700 1653 733 (CO
1667 700 1712 733 62)
1731 702 1796 724 Item
1817 706 1910 722 omnes
1924 700 2031 732 obliqui
2045 703 2107 726 illo¬

1549 745 1606 762 rum
1629 736 1730 761 debent
1750 733 1830 760 scribi
1851 734 1899 767 luy
1918 742 1978 768 moy
2001 739 2046 770 toy
2059 745 2106 771 soy

1549 777 1662 805 excepto
1683 771 1833 796 accusativo
1847 771 2008 802 prescriplo.

1590 819 1630 844 (00
1641 820 1666 838 60
1668 818 1675 843 )
1692 819 1748 838 Item
1762 815 1866 837 scribetis
1886 815 1907 835 in
1926 817 2008 841 plurali
2025 820 2046 840 in
2062 828 2106 841 om¬

1548 844 1614 864 nibus
1629 844 1719 864 casibus
1734 850 1780 863 vies
1793 844 1826 862 tes
1840 842 1873 861 les
1887 846 1931 862 etc.

1596 1014 1654 1049 (CO
1668 1016 1713 1048 61)
1735 1017 1802 1041 Item
1824 1017 1934 1048 quando
1953 1018 2001 1043 illa
2013 1026 2108 1051 prono¬

1548 1052 1620 1075 mina
1639 1060 1716 1077 casus
1736 1051 1894 1085 nominativi
1909 1054 1943 1085 je
1967 1055 2005 1078 cil
2020 1055 2108 1086 profe¬

1549 1091 1643 1112 runtur
1662 1087 1778 1115 insimul,
1799 1086 1867 1112 illud
1881 1090 2050 1122 subsequens
2062 1099 2109 1123 po-
