2481 1749
392 83 426 117 (0
438 84 482 117 24)
525 87 583 112 Das
604 88 628 113 2.
648 88 659 110 I
678 86 746 111 fehlt
764 96 797 111 —
818 88 1003 118 subséquents.
1025 106 1056 110 —

392 119 424 153 ((1
436 121 484 156 78)
529 124 669 148 scribetur.
695 136 722 141 —

392 155 426 191 (C
438 157 483 193 30)
528 159 642 189 signum
662 157 750 189 (Zeile
772 158 797 189 2)
818 156 887 181 fehlt
908 161 939 184 —
963 161 1007 195 de]
1029 164 1046 188 â
1067 169 1096 185 —
1117 161 1162 186 vel
1180 158 1223 193 de]
1244 161 1289 184 vel
1306 167 1367 184 cum
1388 160 1405 184 d
1427 174 1459 178 —
1481 159 1490 193 (
1493 158 1515 186 0
1519 161 1527 194 )
1548 169 1564 186 a
1585 163 1610 186 le
1631 163 1800 188 tresxodoute
1817 172 1849 188 —
1865 165 1897 188 al
1915 166 2058 192 tresdoute

528 194 664 223 seigneur
683 194 750 218 fehlt
769 194 802 216 —
824 194 856 216 de
877 195 903 217 le
922 197 1072 231 tresnoble]
1095 199 1126 222 de
1144 198 1170 219 à
1189 196 1327 219 tresnoble
1348 198 1380 219 —
1402 198 1448 219 del
1465 197 1602 222 tresnoble
1621 201 1756 229 seigneur
1776 199 1850 223 fehlt.
1873 213 1908 217 —

392 228 484 262 (O31)
530 229 608 252 debet
627 227 652 261 e]
680 229 762 253 debet
787 229 812 252 le
837 229 871 261 —
897 228 938 261 (C)
966 232 1119 259 honorable
1137 240 1171 254 —
1191 232 1222 254 al
1232 232 1371 256 tresdoute
1388 233 1523 263 seigneur
1544 240 1593 258 vor
1612 235 1657 258 vel
1684 247 1717 252 —
1751 240 1757 266 (
1762 231 1784 260 0
1787 234 1796 267 )
1816 242 1831 259 a
1850 235 1876 259 le
1898 234 2017 269 Evesqe]
2036 245 2055 260 a

529 263 539 287 1
542 271 647 294 euesqe.

392 298 431 334 (II
443 298 488 333 52)
530 303 556 323 et
575 300 611 323 de
632 302 672 323 est
692 300 793 325 devant
812 300 843 323 la
865 299 933 324 fehlt
952 304 986 335 —
1007 304 1045 335 (H
1057 305 1102 337 60)
1120 304 1204 328 lautet
1222 302 1391 333 vollständig
1411 303 1454 327 so:
1475 303 1513 327 Et
1534 305 1642 336 sachetz
1660 305 1750 336 quant
1768 305 1801 329 de
1820 307 1862 330 est
1891 307 1996 331 deuant
2025 309 2055 331 la

527 342 601 358 come
619 336 652 358 de
671 336 699 359 la
719 337 798 359 vale
820 336 854 358 de
872 337 899 360 la
921 336 1027 363 Riuere
1047 343 1079 365 de
1099 338 1125 365 la
1146 339 1224 361 dame
1243 345 1310 361 vous
1330 342 1512 371 nesermeretz
1527 341 1612 371 point
1629 341 1683 364 del
1695 343 1756 372 pur
1776 342 1820 366 de.
1841 355 1872 359 —

391 369 478 404 (C32)
526 372 653 403 quamvis
672 371 741 396 fehlt
765 384 795 388 —
817 369 865 405 (Ö)
878 372 1025 405 femenino
1044 377 1078 400 —
1100 372 1141 407 de]
1162 373 1187 399 d.
1206 387 1235 391 —

391 406 422 439 (0
436 412 469 436 32
472 411 485 423 a
486 405 496 440 )
519 407 664 439 femenino
687 416 716 430 —
738 406 875 439 adjungi]
896 408 964 432 adiü
996 420 1027 436 —
1050 408 1243 441 subséquente]
1262 412 1393 440 Sequente
1421 422 1455 427 —
1484 409 1544 434 Vor
1564 412 1596 434 de
1615 412 1643 435 la
1663 419 1677 434 e
1696 411 1769 436 steht
1789 420 1830 441 ou,
1856 413 1911 436 und
1941 415 1990 437 vor
2020 415 2055 437 de

527 442 641 473 lesglise
659 442 730 467 steht
748 444 800 468 vel.
819 457 851 461 —

391 476 424 511 (0
438 477 498 513 78a)
530 478 693 511 Oxonforde
728 481 731 511 \
767 479 774 510 (
779 478 875 510 Johan
897 480 929 503 de
953 479 1106 516 Waynflete
1107 482 1116 515 )
1135 478 1163 507 in
1182 478 1205 507 0
1227 480 1269 504 für
1293 481 1410 505 Thomas
1429 480 1574 506 d’Irlonde
1592 490 1624 506 —
1647 483 1705 507 sire
1725 482 1808 514 (Zeile
1819 482 1859 517 6)]
1878 482 1904 515 sc
1925 492 1956 510 —
1979 487 2054 517 seig-

525 522 598 537 nour
628 514 713 545 (Zeile
735 515 761 545 8)
790 515 856 538 fehlt
885 514 917 545 —
947 513 991 547 (C)
1013 525 1027 540 e
1048 519 1133 548 (Zeile
1153 516 1179 547 8]
1203 524 1217 539 a
1247 529 1282 533 —
1312 514 1355 547 (Oj
1385 517 1418 538 de
1447 518 1504 539 sire
1531 516 1548 547 f
1546 522 1557 535 c
1575 520 1620 541 vel
1620 517 1630 548 ]
1653 520 1685 540 de
1696 519 1776 550 feire
1794 518 1820 549 fe
1838 521 2052 552 unterpunktirt;
2073 526 2076 529 '

524 555 568 590 (C)
587 557 634 582 hat
655 558 687 582 de
706 559 763 583 sire
780 557 797 591 s
795 561 807 575 c
823 559 885 583 sine
903 559 947 583 vel
966 559 991 585 d.
1012 561 1039 587 h.
1060 564 1120 587 sine
1139 559 1193 585 und
1214 559 1257 585 die
1276 560 1460 585 Abbreviatur
1480 561 1562 587 davor
1581 563 1790 596 unterpunktirt.

392 599 427 634 (0
443 600 488 635 79)
527 603 574 625 del
593 601 677 633 (Zeile
701 602 738 636 1)]
759 604 792 626 de
811 603 842 627 le.

390 636 423 669 (0
436 644 468 668 79
472 643 484 655 :i
487 641 495 670 )
525 638 575 661 sed
594 637 677 666 (Zeile
700 638 738 670 1)]
761 646 781 663 s.
801 639 834 661 —
856 639 898 662 du
918 641 1026 663 tantum
1044 642 1111 665 fehlt
1132 647 1163 663 —
1184 637 1266 670 statt]
1286 647 1315 663 se
1333 645 1369 672 —
1384 645 1450 672 pro
1472 643 1511 664 de
1532 643 1561 664 le
1582 643 1634 673 dit
1648 646 1802 673 portour
1822 643 1898 667 fehlt.

391 670 426 705 (0
440 675 484 705 33)
527 681 560 697 en
579 672 665 703 (Zeile
685 672 722 708 3)]
743 681 760 697 n
781 677 812 706 —
831 674 964 706 precedtst
983 677 1016 700 —
1039 677 1115 702 debet
1115 674 1125 710 ]
1141 678 1239 708 potest.
1260 688 1293 692 —

391 707 425 736 (0
438 709 483 742 34)
525 710 552 732 el
569 708 643 732 fehlt.

389 742 423 777 (C
434 745 469 769 80
471 744 481 779 )
524 746 619 776 signes
640 752 672 768 —
693 746 813 769 scribere
831 745 908 769 fehlt.
932 759 962 763 —

391 778 425 810 (0
439 780 483 813 81)
525 781 603 804 dirrr
623 793 664 804 —.

388 813 465 848 (C49
469 821 481 834 a
483 816 491 847 )
525 816 638 840 dicendo
639 814 649 847 ]
672 815 777 841 didenti
803 830 835 834 —
866 815 875 845 (
878 814 900 842 0
902 817 909 848 )
925 818 989 848 pies
991 821 1003 841 t
1007 816 1012 849 j
1030 820 1123 851 pleyst
1141 827 1208 844 vous
1235 828 1266 843 —
1292 821 1319 843 si
1339 819 1419 851 (Zeile
1441 822 1469 853 3)
1490 821 1562 847 fehlt.
1585 826 1617 853 —
1635 823 1723 853 pleist
1747 824 1773 846 —
1794 823 1866 852 Zeile
1886 829 1955 855 4—5
1977 824 2052 848 steht

522 851 550 875 in
569 853 579 884 (
582 849 603 876 0
608 852 616 882 )
635 851 663 874 in
692 851 740 875 der
768 851 917 883 folgenden
947 852 1039 884 Regel
1068 853 1142 889 (49b)
1172 854 1260 878 hinter
1279 857 1449 880 enormativa
1470 856 1524 881 und
1546 856 1641 882 lautet:
1663 858 1731 881 Item
1760 859 1914 891 aliquando
1944 866 2000 884 com
2027 868 2051 893 y

522 896 630 919 serray.
651 901 684 905 —

390 919 424 953 (0
434 920 495 955 49b)
523 923 693 946 enormativa
694 922 704 956 ]
727 924 924 947 enormantica.
964 924 1033 948 Item
1052 926 1206 957 aliquando
1224 933 1280 949 com
1295 934 1316 958 y
1334 933 1434 959 serray
1455 936 1486 950 —
1508 927 1559 952 rnis
1579 936 1614 952 —
1634 929 1700 953 ceal.

387 955 422 989 (0
435 958 478 989 50)
520 959 661 988 scripture
660 957 671 989 ]
689 959 823 982 stricture
834 967 866 981 —
875 959 1039 991 aliquarum
1058 960 1222 993 diccionurn]
1242 963 1367 993 aliquam
1377 960 1408 987 —
1431 960 1462 993 C)
1480 965 1545 992 seel,
1555 965 1615 987 sael
1615 963 1628 995 ]
1646 966 1710 992 ceel,
1730 966 1788 989 seel
1809 967 1870 989 sael
1889 974 1920 997 —
1942 973 1994 999 qoy
2013 979 2045 984 —

522 994 629 1018 teindre
647 992 690 1019 bis
708 994 766 1019 viel
783 993 851 1018 fehlt
871 991 898 1020 C.
920 1008 953 1013 —
975 994 982 1025 (
987 993 1009 1021 0
1011 995 1019 1028 )
1034 996 1104 1028 feal
1121 996 1203 1029 (Zeile
1210 995 1249 1030 9)]
1269 999 1328 1022 stal
1348 1007 1379 1023 —
1399 998 1491 1031 veille]
1512 999 1582 1024 veile
1600 1009 1631 1025 —
1646 999 1724 1034 ville]
1738 1001 1794 1026 vile
1808 1016 1842 1020 —
1853 1000 1942 1035 brael]
1956 1001 2046 1028 breele

522 1030 594 1057 erde,
613 1030 665 1052 her
667 1031 707 1054 de.
738 1043 770 1047 —
799 1031 857 1053 Vor
875 1030 945 1064 neos
960 1031 1032 1055 steht
1051 1033 1121 1064 suef
1146 1041 1177 1057 —
1201 1031 1280 1065 neos]
1300 1033 1370 1066 noef
1386 1035 1418 1057 —
1440 1033 1539 1067 baaile]
1561 1036 1648 1058 boaile
1670 1038 1701 1060 —
1723 1038 1798 1061 balee
1817 1037 1885 1061 fehlt
1905 1036 1925 1063 C
1947 1040 1979 1062 —
2003 1039 2045 1062 lit¬

2095 1063 2146 1101 33
