2481 1749
1218 46 1371 73 Varianten.

425 109 459 143 (0
475 112 517 143 17)
561 120 620 137 cum
644 121 656 137 s
676 115 721 137 vel
738 121 798 138 cum
818 123 840 139 z.

2145 121 2198 168 32
362 155 388 179 V
424 152 461 187 (II
475 155 518 188 29)
553 157 712 188 promtncit
715 158 776 182 ntur
796 167 828 182 —
849 162 876 183 et
894 163 941 192 vor
955 163 1079 192 possunt
1096 169 1129 185 —
1150 169 1161 185 5
1184 165 1210 186 et
1230 160 1248 195 t]
1268 165 1295 187 i/
1311 171 1343 187 —
1365 162 1429 196 cest]
1441 164 1515 198 fest.
1538 180 1569 184 —

426 189 521 223 (Hgi)
555 194 762 223 pronuncietur
781 198 817 217 —
839 198 848 217 l
868 195 937 218 fehlt
957 204 988 219 —
1013 197 1083 220 nach
1106 198 1291 228 aspiracionis
1311 198 1382 222 steht
1404 202 1555 225 communis
1576 209 1609 225 —
1630 200 1781 235 cesi\fest.
1805 216 1836 220 —

424 223 481 258 (CO
494 225 539 260 18)
555 229 783 260 <7«a«iii>cumque
804 232 835 254 —
857 232 886 254 in
907 230 975 255 fehlt
994 230 1027 264 —
1046 230 1089 264 (0)
1109 234 1285 264 aspiracione
1307 247 1337 253 —
1360 231 1428 266 (CO)
1448 236 1515 268 cest]
1530 238 1596 269 fest
1612 251 1645 255 —
1667 236 1712 268 (0)
1727 238 1823 269 pleist.
1846 253 1878 258 —

429 259 464 293 (H
477 262 523 294 35)
559 270 628 286 sonn
650 264 682 285 de
683 262 690 295 ]
709 265 802 287 sound
817 265 866 288 mit
887 266 1073 296 nachträglich
1093 268 1325 298 angeschobenem
1346 276 1368 292 e.
1393 282 1425 286 —

424 294 462 328 (0
476 298 519 328 73)
559 301 707 330 temporum
727 308 759 323 —
781 302 915 325 scribetur
935 310 967 325 —
989 310 1045 326 com
1066 305 1101 327 —
1122 305 1240 336 baçtiste
1262 307 1297 328 —
1317 308 1378 328 test.
1400 318 1433 322 —

425 331 463 364 (H
475 332 521 366 31)
559 336 570 357 t
589 336 616 358 et
634 341 648 358 e
668 334 677 357 i
697 342 713 358 o
732 337 760 360 et
780 334 808 368 u]
829 336 847 360 d
867 339 894 361 et
911 344 926 363 c
946 344 960 360 e
980 344 998 368 q
1018 340 1044 363 et
1063 346 1079 362 v
1105 339 1135 371 —
1149 339 1214 372 ßst]
1237 340 1322 364 issint
1339 339 1403 364 oder
1422 341 1511 366 issuit.
1537 356 1570 360 —

426 361 460 398 (0
471 369 519 400 96)
559 372 586 392 et
605 369 635 392 in
655 370 724 392 fehlt
743 374 778 394 —
799 374 947 402 temporum
965 373 1000 395 —
1020 373 1031 396 i
1050 374 1126 398 fehlt.
1148 383 1180 397 —
1201 376 1287 398 scribi
1286 374 1297 407 ]
1314 375 1386 406 poni
1403 372 1447 406 (C)
1467 376 1499 409 —
1521 376 1571 411 (O)
1585 378 1666 412 feist
1684 382 1756 402 tonst
1774 379 1806 401 —
1821 379 1880 403 tust
1892 383 1943 405 etc.
1959 381 2038 406 fehlt.
2053 395 2087 399 —

560 411 575 428 a
595 406 620 429 et
641 402 662 437 t]
684 405 808 430 dahinter
828 407 905 432 debet
922 414 934 431 s
954 408 1040 433 scribi
1064 418 1095 434 —
1118 410 1243 435 amastis.
1269 424 1302 427 —

426 437 462 472 (H
474 444 515 469 32.
527 438 572 471 61)
592 440 755 472 altrefoithe
774 441 812 475 (H
824 443 868 474 61)
887 450 921 465 —
942 450 975 466 en
995 445 1051 467 lieu
1073 444 1116 478 de]
1132 450 1191 477 pur
1211 445 1247 478 (H
1260 445 1304 478 61)
1325 446 1354 468 —
1376 446 1496 470 blasmer
1517 447 1586 474 fehlt
1608 448 1632 481 H
1649 456 1681 481 32
1707 457 1739 473 —
1761 452 1787 473 et
1807 457 1887 474 serra
1907 458 1974 475 sotte
1994 461 2087 477 aucun

560 474 629 500 fehlt
648 474 674 500 II
686 477 728 502 61.
748 490 780 496 —

424 507 459 541 (0
472 509 516 540 67)
561 510 646 544 corne]
665 520 727 535 cum
748 522 780 537 —
801 511 905 545 aucun]
924 520 1004 539 acun.
1027 528 1059 533 —

424 543 458 578 (0
471 548 516 577 74)
556 547 690 571 scribetur
709 549 744 573 —
763 550 792 573 in
812 548 879 573 fehlt
899 556 931 572 —
952 552 982 573 ut
999 551 1137 585 espertiez]
1159 556 1313 584 mespernez
1335 555 1365 582 —
1380 555 1402 582 P
1405 560 1420 574 r
1422 550 1447 584 °]
1463 558 1523 584 pur
1544 554 1596 588 (C).
1617 570 1649 574 —

424 579 457 610 (0
473 587 503 610 19
507 575 516 612 )
555 582 690 606 scribitur
710 591 747 607 —
766 585 901 615 sequitur.
922 596 955 600 —

424 615 460 646 (II
472 615 517 649 34)
557 619 647 642 tresch
667 622 717 650 pur
738 620 813 644 treeti
817 627 822 648 ,
842 618 888 643 mit
907 618 1064 649 Querstrich
1086 622 1169 648 durch
1189 623 1220 655 h;
1241 623 1297 646 also
1317 622 1389 645 kann
1409 624 1477 649 auch
1498 626 1622 650 trescher
1641 631 1691 658 pur
1712 628 1820 652 trecher
1830 625 1941 656 gelesen
1964 630 2084 656 werden.

424 649 481 683 (CO
493 653 538 684 93)
557 655 669 684 quando
686 652 729 685 (C)
749 656 782 679 —
804 656 833 679 in
851 661 910 678 una
929 655 1051 682 diccione
1051 657 1064 690 ]
1085 666 1141 682 una
1163 659 1246 683 diccio
1266 655 1312 689 (0)
1333 666 1364 682 —
1386 666 1399 682 r
1420 659 1489 686 fehlt
1508 659 1539 686 0.
1562 675 1594 680 —

424 685 456 718 (C
467 688 514 719 94)
560 690 671 719 quando
693 697 724 713 ■—
746 697 771 714 m
792 690 870 713 fehlt.

424 721 461 756 (II
473 722 519 757 95)
557 723 613 750 Vor
633 726 794 751 terminabit
811 726 845 750 ist
866 727 1034 753 terminante
1036 735 1040 753 '
1054 729 1262 760 ausgestrichen.

347 777 383 800 VI
420 775 458 805 (H
469 775 515 807 39)
556 778 653 810 aliqua
653 776 665 810 ]
685 779 838 810 aliquando
858 777 876 801 d
905 777 931 803 h.
951 773 1030 812 aliqìi
1055 784 1087 805 —
1107 784 1136 806 in
1155 779 1252 812 vocali]
1272 781 1302 804 in
1321 786 1451 810 vocalem.
1473 799 1491 803 —

423 810 476 843 (CO
490 811 535 845 22)
559 814 591 836 de
611 812 781 844 Engleterre
801 814 876 837 debet
894 811 941 844 (0:
964 816 1072 848 debent)
1092 818 1178 844 scribi
1195 816 1341 843 deni'leter
1343 827 1373 843 re
1393 817 1427 852 (0
1454 820 1569 846 darüber
1594 822 1628 855 of
1643 821 1799 855 Englond).
1833 821 1964 847 dirlande
1985 828 2012 851 et
2030 835 2085 851 noti

559 849 592 872 de
610 849 728 873 Irlande
743 848 796 881 (C),
817 847 862 878 (0:
885 849 917 872 de
937 850 1055 876 Irlande
1076 855 1152 877 debet
1170 853 1255 877 scribi
1275 854 1406 879 dirlande
1425 855 1471 888 {of
1485 857 1623 888 Irlande).
1643 872 1678 876 —

421 879 476 915 (CO
487 881 533 914 28)
556 884 789 910 substraccionem
808 882 851 917 (C)
879 892 911 908 —
933 892 1017 911 sonus
1036 886 1106 914 fehlt
1126 886 1148 914 0
1179 890 1211 918 —
1233 890 1288 918 per
1307 891 1488 915 mutacionem
1488 890 1500 924 ]
1514 894 1778 924 pronunciacionem
1796 899 1881 918 sonus
1901 891 1949 928 (0)
1970 900 2005 930 —
2020 901 2086 930 pos¬

554 919 593 942 sit
610 918 656 952 (0)
677 929 709 944 —
729 922 827 945 vocari
843 918 884 953 (C/
905 929 936 944 —
954 921 999 955 Ut]
1017 925 1064 948 vel
1081 922 1127 957 (0)
1147 923 1180 946 —
1202 922 1288 958 deux]
1309 926 1402 951 deaux
1419 924 1466 958 (0)
1493 937 1522 953 —
1544 928 1607 963 say)
1626 938 1674 963 sey
1693 928 1735 963 (C)
1756 942 1789 947 —

329 965 383 990 VII
421 965 455 996 (T
470 967 512 998 11)
552 965 563 997 1
583 965 669 998 (Zeile
682 968 723 1000 4)]
738 969 811 993 b.—

422 1000 458 1033 (II
469 1005 515 1033 47)
555 1003 724 1028 JiVtoiicatur
743 1014 774 1029 —
786 1003 911 1037 aliquod.

423 1035 457 1067 (0
470 1036 516 1069 23)
556 1042 588 1062 et
606 1046 621 1063 o
643 1046 675 1062 —
698 1041 813 1072 aliquod
833 1048 866 1064 —
888 1042 1016 1072 sequitur
1033 1052 1068 1067 —
1091 1044 1318 1075 compaigneoun.
1335 1059 1367 1063 —

420 1071 454 1104 {H
468 1073 515 1105 48)
553 1074 613 1099 Vor
633 1076 680 1099 dei
697 1076 756 1100 bien
777 1076 848 1101 steht
868 1077 948 1102 altre.
970 1091 1002 1095 —
