2481 1749
317 118 437 143 tamen
460 112 530 145 alia
555 123 751 146 consonans
767 114 851 156 post
863 114 879 145 l

317 154 476 193 sequitur
509 156 723 192 immediate,
760 157 838 198 ipsa
863 157 879 186 l

317 196 426 229 debet
458 199 560 239 quasi
591 207 615 227 u
636 197 874 238 pronunciari,

316 239 418 280 verbi
436 241 559 281 gracia
574 239 766 278 attrement,
791 251 822 271 in
826 240 874 271 al¬

313 279 398 317 veis,
423 281 681 313 tresmaltalent.

932 115 1052 158 aliqua
1071 125 1270 152 consonans
1285 114 1488 147 immediate

931 157 1043 201 [post]
1086 162 1102 192 l
1142 157 1310 198 sequitur,
1351 157 1367 188 l
1387 157 1489 199 quasi

930 209 956 230 u
990 202 1099 237 debet
1132 199 1358 242 pronunciari
1387 209 1488 232 come

929 243 1064 284 malme,
1090 243 1240 278 malveis.

974 364 1013 395 (H
1025 368 1073 401 48)
1093 369 1152 393 Mes
1165 364 1319 389 altrefoithe
1333 368 1403 390 ceste
1413 365 1489 389 reule

928 400 1003 426 faille
1027 403 1104 429 come
1125 401 1170 428 dei
1186 400 1256 425 bien.

975 473 1013 507 (II
1026 475 1073 510 49)
1093 478 1162 510 Qant
1182 473 1297 498 wovelle
1318 475 1378 507 suyt
1394 475 1405 500 l
1418 482 1452 499 en
1461 474 1489 499 la

927 513 983 535 mot
996 518 1030 535 en
1044 513 1091 545 fyn
1103 512 1150 538 dul
1162 510 1282 544 paroule,
1303 511 1315 534 l
1326 518 1405 535 avéra
1419 518 1488 535 soun

927 553 1027 577 propre
1048 557 1115 573 sone
1135 552 1162 572 et
1180 554 1251 570 serra
1269 547 1348 578 joynt
1369 554 1384 569 a
1402 547 1431 570 la
1443 555 1488 570 vo-

926 580 997 606 wele
1018 585 1094 610 come
1114 579 1294 615 beal{e\ment.

973 651 1010 686 (H
1024 655 1070 687 50)
1106 654 1209 680 Auxint
1235 651 1388 677 altreioitlie
1419 660 1486 678 vous

928 689 1075 715 escriverez
1096 692 1141 715 dei
1143 690 1149 719 ,
1178 690 1218 718 de,
1239 688 1287 720 du,
1308 688 1363 719 des,
1383 689 1420 716 al,
1440 696 1486 717 au,

973 792 1066 827 (H51)
1087 797 1161 821 Dont
1172 798 1311 828 qant.vous
1327 794 1485 819 escriveretz

927 828 983 854 l’un
1004 837 1039 854 ou
1070 831 1165 857 1’autre
1183 837 1279 863 pernes
1297 830 1370 861 bone
1391 831 1486 862 garde:

927 866 993 897 qant
1012 866 1045 889 de
1065 872 1107 891 est
1126 867 1224 892 devant
1238 867 1271 898 le,
1292 874 1306 889 e
1319 866 1365 890 dei
1376 868 1401 891 le
1415 874 1488 890 serra

928 904 1021 926 oustee
1040 902 1065 927 et
1085 903 1098 926 l
1115 910 1187 928 serra
1212 902 1290 935 joynt
1313 901 1338 926 al
1360 901 1392 925 de
1410 909 1486 926 come

928 939 961 960 de
988 936 1037 969 l[e\
1066 937 1173 970 Evesge
1210 946 1282 961 serra
1314 937 1412 969 escript
1443 939 1488 961 dei

926 972 1041 1004 Evesqe,
1068 970 1114 1005 \de
1139 974 1164 998 le
1182 974 1316 1004 seignour
1318 970 1327 1005 ]
1350 973 1397 997 dei
1413 974 1486 1005 seig-

926 1014 1007 1032 nour.

1543 118 1572 148 si
1611 120 1728 162 aliqua
1774 127 1974 151 consonans
2019 128 2106 162 post

1541 159 1557 189 l
1578 160 1816 202 subsequitur,
1840 160 1856 190 l
1876 162 1979 200 quasi
1998 172 2022 192 u
2042 164 2102 195 de¬

1543 201 1605 233 bet
1627 201 1862 244 pronunciari,
1894 203 1997 244 verbi
2018 212 2103 244 gra¬

1543 244 1597 276 cia
1622 246 1743 277 malme
1768 244 1841 285 (my
1861 245 1975 286 soûle)
2000 244 2103 277 loial-

1539 288 1644 324 ment,
1668 285 1720 318 bei
1738 288 2004 328 compatgnoun.

1588 366 1635 400 (cf.
1654 365 1698 392 CO
1709 365 1762 398 79).

1587 473 1643 508 (CO
1656 474 1701 507 24)
1721 472 1789 501 Item
1811 476 2035 509 quandocumque
2055 486 2102 502 vo¬

1540 511 1607 535 calis
1627 511 1802 543 subsequitur
1821 513 1839 544 l,
1859 512 1907 537 illa
1927 513 2017 537 littera
2036 514 2049 538 l
2057 514 2102 538 de¬

1539 546 1589 571 bet
1601 547 1711 578 adjungi
1729 556 1787 572 cum
1807 548 1899 573 vocali
1918 549 2100 582 subséquente

1541 585 1567 606 et
1589 581 1672 607 stabit
1687 582 1716 606 in
1737 590 1784 607 sua
1801 584 1912 617 propria
1931 588 2031 610 natura.

1585 650 1644 687 (CO
1657 652 1700 687 78)
1721 654 1790 679 Item
1810 654 1955 688 aliquando
1975 656 2101 682 scribetis

1540 691 1581 721 de,
1611 691 1656 717 du,
1689 691 1741 722 dei,
1773 699 1799 722 a,
1829 699 1875 719 au,
1907 693 1945 720 al,
1970 700 2001 715 as
2021 693 2100 716 verbi

1540 724 1629 755 gracia
1643 725 1683 755 de,
1705 733 1722 749 a
1743 730 1791 753 etc,
1812 725 1844 756 (s.
1858 724 1883 753 u.
1898 724 1943 760 CO
1955 726 2024 760 78a).

1585 793 1643 828 (CO
1654 795 1700 828 30)
1719 796 1786 822 Item
1808 797 2031 830 quandocumque
2045 798 2099 823 hoc

1540 832 1646 862 signum
1666 833 1711 856 the
1730 833 1758 856 in
1777 833 1911 863 Anglicis,
1932 835 1957 858 le
1976 834 2020 858 vel
2032 836 2060 858 la
2070 836 2100 859 in

1540 867 1653 891 Gallicis
1671 869 1790 901 ponitur;
1807 869 1832 893 si
1855 870 1888 893 de
1905 869 1951 894 vel
1969 879 1985 894 a
2005 877 2097 903 prece-

1540 901 1584 927 dat
1603 903 1717 934 signum,
1745 912 1759 928 e
1786 904 1830 928 dei
1852 906 1878 928 le
1897 905 1981 929 debet
1999 908 2096 937 preter-

1538 938 1609 963 mitti
1629 942 1655 964 et
1666 942 1677 964 l
1689 939 1799 972 adjungi
1819 949 1878 965 cum
1889 951 1906 965 a
1918 941 1959 966 vel
1972 942 2011 970 de,
2022 942 2097 967 verbi

1539 973 1639 1004 gracia:
1661 983 1677 999 a
1698 975 1723 999 le
1743 976 1798 999 Ires
1802 976 1882 1000 doute
1891 977 2026 1008 seigneur
2038 974 2095 1010 [de¬

1538 1009 1586 1032 bet
1610 1009 1701 1043 scribi]
1731 1012 1762 1034 al
1791 1013 1929 1035 tresdoute
1952 1013 2096 1042 seignour,

1540 1045 1573 1069 de
1600 1045 1625 1070 le
1653 1046 1790 1071 iresnoble
1802 1048 1945 1079 seignour,
1966 1047 2011 1072 dei
2030 1051 2096 1074 tres-

1538 1081 1618 1104 noble
1635 1083 1777 1112 seignour.
