2481 1749
1131 45 1184 73 No.
1205 47 1347 75 VI—VII.

2203 124 2256 172 10
255 1023 324 1055 VII

366 122 480 152 pausa
489 113 718 153 pronunciari
730 115 831 155 verbi
842 125 923 155 gra¬

366 153 421 185 cia
453 153 590 192 malme,
624 164 731 197 maye,
767 156 924 200 Dengle-

364 198 464 232 terre,
488 195 708 238 Dyrlaunde,
722 199 923 231 Dexcestre.

977 118 1080 158 jungi
1127 129 1207 150 cum
1260 121 1376 151 vocali
1415 121 1539 152 subsé¬

981 165 1120 200 quente,
1145 160 1246 202 verbi
1267 162 1391 202 gracia
1414 161 1537 195 malme

978 202 1211 244 Dengleterre
1250 203 1431 235 Dirlande
1468 215 1538 245 que

979 244 1054 273 sine
1068 246 1285 282 pausacione
1302 246 1434 284 debent
1453 256 1536 284 pro¬

979 285 1143 319 nunciari.

1016 333 1532 384 (H 22) [Quant] p[ar]oule(s) com¬
973 360 1539 417 mensant par vowele suyt une sil¬
977 399 1534 455 lable fynant en vowele le vowele
974 436 1534 493 de la sillable [anteriure?] (entre)
969 473 1099 527 lesse[z],
1021 525 1538 583 (H 40) Et ceste renie est voire la
972 557 1535 615 que la significacion de cest [pa-
974 595 1537 655 roule] ne soit tolu n'ostee come
973 631 1538 690 deux pur de eaux ou say pur si ay.
1594 120 1740 161 adjungi
1774 133 1852 153 cum
1884 125 2002 155 vocali
2028 125 2151 156 subsé¬

1593 163 1714 204 quent!
1738 164 1839 207 verbi
1861 164 1982 207 gracia
2007 165 2048 197 de
2078 166 2151 198 En¬

1587 205 1701 246 gleier
1702 215 1721 235 r
1722 215 1740 235 e
1764 206 1817 244 [de
1834 207 1990 246 Irlande]
2019 208 2151 241 debent

1592 247 1699 276 scribi
1720 247 1954 286 Dengleterre
1982 249 2035 285 (of
2054 250 2148 288 Eng-

1592 286 1701 328 lond),
1720 285 1902 321 Dirlande
1924 288 2150 332 (oflrlande).

1634 544 1690 578 (CO
1701 547 1748 579 28)
1765 547 1834 571 Item
1853 549 2080 582 quandocumque
2099 560 2148 584 per

1589 583 1799 607 subtraccionem
1824 590 1905 607 sonus
1933 585 1977 608 vel
1997 594 2045 617 per
2065 591 2147 612 muta-

1588 618 1691 643 cionem
1710 619 1738 643 in
1758 618 1847 643 littera
1866 618 2033 650 significacio
2047 623 2146 648 diccio-

1587 655 1628 678 nis
1656 658 1748 686 posset
1773 655 1801 678 in
1826 655 1936 679 dubium
1963 659 2081 682 revocari
2102 659 2146 683 vel

1586 689 1683 714 variari
1702 690 1745 714 vel
1766 690 1848 714 eciam
1874 698 1921 722 per
1940 690 1982 723 adj
1987 693 2146 719 unedonem

1586 725 1731 750 litterarum
1747 725 1792 759 [?],
1813 729 1874 749 tunc
1898 727 1979 750 debet
2004 729 2095 753 sonari
2106 737 2146 754 se¬

1587 762 1704 786 cundum
1723 762 1796 794 quod
1817 761 1946 785 scribitur
1958 765 1988 786 ut
1999 764 2144 789 scribendo

1587 797 1660 821 deux
1679 798 1729 830 pur
1749 798 1782 822 de
1795 805 1867 821 eaux
1876 798 1920 821 vel
1935 806 1948 821 s
1950 806 1986 832 ay
1997 808 2048 831 pur
2058 809 2091 833 sy
2101 810 2144 833 ay.

1629 994 1697 1035 (CO
1713 995 1765 1035 23)
1787 995 1877 1027 Item
1903 1000 2143 1039 quandocum¬

1585 1047 1653 1077 que
1669 1039 1735 1069 bec
1751 1038 1870 1070 littera
1883 1039 1897 1070 l
1907 1042 2048 1080 ponitur
2061 1047 2145 1082 post

1585 1089 1616 1115 a,
1639 1089 1666 1115 e,
1691 1090 1709 1109 o
1711 1105 1718 1118 ,

405 985 448 1026 (T
466 987 515 1027 11)
538 987 710 1019 Preterea
733 989 846 1028 prime
859 994 919 1020 aut

361 1028 477 1059 medie
490 1029 615 1060 sillabe
625 1030 799 1062 habentes
812 1031 826 1061 l
836 1036 919 1072 post

360 1079 381 1099 a
396 1070 454 1101 vel
469 1080 486 1101 6’
501 1071 560 1102 vel
575 1082 592 1101 o
605 1071 815 1109 sillabatam,
835 1074 918 1104 dum

1011 839 1040 866 (11
1045 847 1070 866 40
1072 840 1094 867 a)
1103 841 1133 861 Et
1139 842 1196 862 bons
1201 840 1289 861 dîtours
1295 842 1431 863 eschueront
1438 841 1466 862 de
1472 842 1529 863 faire

971 865 1033 885 nulle
1047 867 1162 892 vowel[Ie]
1179 866 1238 887 sivre
1252 866 1311 886 altre
1330 874 1358 888 en
1371 868 1478 893 paroules
1493 875 1529 888 co*

970 896 1006 912 me
1027 898 1039 912 s
1039 892 1075 913 oie
1075 899 1098 912 m
1096 894 1114 917 p
1115 899 1143 914 ne
1167 893 1222 913 botte
1246 893 1288 912 est.
1325 893 1376 914 Mes
1397 892 1529 915 altrefoithe

971 915 1022 937 lour
1045 917 1137 938 covient
1158 918 1214 938 faire
1235 916 1263 937 de
1286 919 1363 943 parler
1385 919 1435 940 lour
1451 924 1530 940 nature

970 940 1140 963 honestement.

1015 989 1065 1030 (H
1080 991 1134 1031 47)
1158 990 1329 1023 Preterea
1344 993 1456 1034 prime
1472 995 1530 1025 vel

972 1033 1089 1064 medie
1102 1033 1227 1064 sillabe
1238 1033 1413 1066 habentes
1422 1034 1437 1064 l
1446 1042 1530 1075 post

974 1084 994 1104 a
1018 1075 1075 1105 vel
1089 1084 1106 1105 e
1126 1075 1185 1106 vel
1200 1086 1218 1106 o
1234 1074 1478 1114 sillabicatam,
1500 1079 1530 1109 si
