2481 1749
1123 64 1177 90 No.
1198 65 1262 91 VII.

2153 141 2204 181 12
977 431 1016 465 (H
1028 440 1070 465 52.
1090 434 1135 467 60)
1154 436 1216 460 Mes
1237 439 1299 468 qant
1321 442 1388 459 vous
1408 436 1489 460 escri-

930 470 1004 494 verez
1023 470 1052 494 la

930 541 957 564 et
986 541 1019 564 de
1048 544 1089 565 est
1118 541 1216 567 devant
1246 543 1273 566 la
1303 541 1372 565 celle
1404 550 1420 565 a
1453 550 1488 567 ne

930 574 1027 608 ser[ra]
1047 576 1163 610 oustefe]
1193 577 1268 603 corne
1294 577 1326 600 de
1350 577 1377 600 la
1399 577 1487 611 dame,

931 611 963 635 de
982 612 1010 635 la
1029 613 1094 637 vale
1114 616 1162 638 etc.

975 992 1014 1025 (H
1027 994 1072 1027 53)
1101 994 1205 1019 Auxint
1238 994 1336 1020 devant
1374 1002 1487 1027 propres

929 1035 1017 1055 nouns
1048 1031 1096 1054 des
1125 1029 1246 1055 hommes
1275 1036 1300 1056 et
1327 1033 1436 1056 femmes
1462 1035 1488 1057 et

928 1063 1010 1090 villes
1031 1066 1177 1092 escvivetez
1200 1066 1239 1091 de.

1587 139 1646 173 (CO
1658 139 1705 173 31)
1723 142 1793 173 Item
1812 141 1922 173 quando
1943 143 2033 174 aliqua
2053 150 2100 166 vo¬

1541 175 1607 201 calis
1643 176 1796 202 immediate
1834 177 2008 209 subsequitur
2035 181 2100 210 post

1539 212 1609 237 illud
1628 211 1731 244 signum
1751 213 1784 242 le,
1805 217 1867 238 tunc
1882 213 1961 238 debet
1973 221 1987 238 e
1999 216 2101 246 preter-

1539 248 1608 272 mitti
1629 250 1655 272 et
1675 250 1687 271 l
1704 248 1815 279 adjungi
1835 257 1893 272 cum
1904 249 1992 272 vocali
2005 249 2099 272 subsé¬

1541 282 1643 315 quent!,
1667 282 1743 312 verbi
1768 283 1870 312 gracia:
1902 291 1918 308 a
1944 284 1970 307 le
1997 283 2101 306 honou-

1540 319 1618 343 rable
1636 319 1771 350 seigneur
1790 318 1833 343 vel
1857 327 1875 343 a
1894 319 1920 344 le
1930 319 2038 351 Evesqe
2055 319 2102 343 de¬

1540 354 1605 379 bent
1631 354 1713 379 scribi
1737 363 1754 378 a
1773 354 1937 379 lonourable
1955 357 2101 386 seignour,

1540 397 1557 413 a
1576 390 1684 421 levesqe
1702 393 1752 414 etc.

1588 435 1645 469 (CO
1657 436 1702 469 32)
1719 437 1788 461 Item
1807 437 2033 470 quandocumque
2046 438 2102 462 hoc

1540 471 1646 504 signum
1667 475 1695 497 la
1716 472 1743 496 in
1764 472 1890 496 feminino
1918 481 2017 504 genere
2037 474 2099 498 scri¬

1541 507 1620 538 bitur,
1641 508 1759 540 quamvis
1780 515 1933 532 consonans
1944 508 2101 534 immediate

1541 549 1668 576 sequatur
1697 544 1724 567 et
1754 544 1786 566 de
1812 544 1858 566 vel
1877 552 1895 566 a
1912 545 2050 576 procedat,
2063 547 2101 568 -la.

1541 579 1624 604 stabit
1652 578 1680 603 in
1708 586 1755 602 sua
1794 581 1887 602 natura
1920 578 1979 603 sine
2008 580 2101 612 aliqua

1542 615 1675 640 divisione
1693 613 1767 644 verbi
1786 614 1886 644 gracia:
1909 616 1942 639 de
1962 616 1989 640 la
2012 617 2090 640 dame
2092 635 2100 645 ,

1540 659 1557 674 a
1577 652 1605 676 la
1626 650 1812 677 tresreverent
1830 650 1917 676 dame.

1586 698 1641 730 (CO
1653 698 1714 730 32->)
1733 699 1800 722 Item
1820 697 2047 730 quandocumque
2067 699 2100 723 il¬

1539 734 1590 759 lud
1619 734 1723 766 signum
1750 734 1776 758 la
1801 732 1829 758 in
1850 732 1978 758 feminino
2000 743 2100 765 genere

1540 771 1666 796 scribitur
1692 773 1718 796 et
1741 768 1844 793 vocalis
1866 770 2019 795 immediate
2038 771 2101 796 sub¬

1541 807 1669 838 sequitur,
1696 805 1879 830 indifferenter
1908 809 1997 837 potest
2023 809 2035 830 l
2053 808 2098 830 ad¬

1537 841 1615 875 jungi
1643 850 1703 867 cum
1732 840 1818 867 vocali
1851 840 2032 874 subséquente
2058 843 2099 868 vel

1540 882 1610 902 stare
1629 879 1657 902 in
1679 886 1726 902 sua
1745 876 1852 910 propria
1871 880 1966 901 natura
1986 882 2015 903 ut
2036 887 2052 903 a
2071 881 2100 903 la

1540 915 1658 944 abbesse,
1671 915 1704 939 de
1723 915 1751 938 la
1765 912 1868 943 esglise
1878 913 1922 937 vel
1936 922 1953 937 a
1968 916 2091 939 labbesse
2093 935 2100 947 ,

1542 950 1574 974 de
1594 950 1716 982 lesglise.

1587 996 1644 1029 (CO
1655 998 1714 1030 78»,
1728 1004 1779 1022 s.o.
1793 993 1837 1022 CO
1846 997 1890 1030 78)
1906 1000 1948 1031 de,
1958 1008 1976 1023 a
1990 999 2100 1031 quando

1540 1033 1591 1058 hoc
1603 1034 1709 1065 signum
1721 1034 1765 1057 the
1775 1040 1828 1056 non
1839 1033 2015 1067 subsequitur
2029 1037 2069 1060 ut:
2082 1044 2099 1059 a

1542 1071 1734 1101 monseignur
1752 1069 1776 1092 le
1787 1074 1885 1094 counte
1899 1071 1924 1095 d’
1931 1071 2102 1104 Oxonforde,

1542 1105 1574 1129 de
1599 1113 1660 1130 mon
1680 1106 1800 1136 seignur
1821 1105 1940 1132 Thomas
1958 1105 2103 1131 d'Irlonde
