1749 2481
1357 69 1384 92 V

386 165 415 195 u,
436 156 551 195 quando
574 165 730 185 consonans
743 156 874 193 sequitur
889 159 922 194 ut
936 156 1028 194 plur
1034 157 1172 190 aiment,
1194 157 1384 191 loialmenl,

374 198 575 239 falcement
593 203 620 228 et
641 199 752 227 similia
775 204 829 236 (—
846 198 989 237 Orthogr.
1002 198 1072 235 VII,
1089 199 1173 237 Coyf.
1196 199 1383 238 17,48—9).

383 242 425 271 Et
441 242 456 272 z
478 241 595 271 habebit
614 242 770 271 exiliorem
791 251 894 271 sonum
915 252 1003 279 quam
1029 243 1053 276 s,
1082 243 1145 271 ideo
1170 243 1297 272 maxime
1327 244 1386 272 usi¬

381 288 461 315 tatur
480 286 512 314 in
540 285 665 315 Gallico.
699 285 786 314 Nach
809 286 866 315 der
889 285 1105 324 Konjugazion
1127 294 1187 315 von
1209 289 1281 314 estre
1303 283 1379 326 (Dd,

386 336 432 358 12.
456 336 493 366 23
518 328 537 358 f.
562 337 577 358 2
581 331 595 345 t
597 351 605 365 ,
630 328 689 366 Gg.
713 328 741 358 6.
762 328 804 366 44
827 328 846 358 f.
871 336 908 357 22
912 331 924 345 r
927 326 948 367 ).
993 328 1033 357 Et
1058 332 1128 357 nota
1149 330 1230 366 quod
1249 329 1262 358 t
1283 329 1385 359 littera

381 371 498 401 habebit
521 381 623 401 sonum
649 380 662 401 s
689 372 738 401 vel
762 372 777 401 z
806 372 837 400 in
851 372 980 409 plurali
1003 381 1124 401 numero
1147 372 1177 400 in
1207 372 1334 402 Gallicis
1354 377 1388 401 ut

381 418 474 445 touiz
501 417 704 454 purpoynlz
742 418 768 443 et
800 415 914 443 similia
947 412 1001 454 (cf.
1039 414 1126 454 Coyf.
1158 422 1208 450 20,
1236 424 1267 444 11
1277 414 1383 454 —13).

478 457 513 498 4)
536 457 660 487 Ebenso
678 457 733 487 hat
746 458 803 487 das
818 458 874 487 Ms.
898 459 955 488 des
972 458 1043 487 Brit.
1059 459 1149 487 Mus..
1173 458 1286 487 Sloane
1303 466 1363 497 513
1374 457 1385 478 1

380 501 482 530 hinter
505 501 736 540 Bemerkungen
757 500 834 530 über
855 500 1085 539 Pluralbildung
1107 501 1126 531 f.
1147 508 1205 539 I3g
1207 504 1219 518 r
1238 501 1385 539 folgende

384 544 520 582 Regeln:
541 544 608 573 Alie
628 547 697 572 sunt
716 544 854 573 dicciones
876 554 930 582 que
952 544 1096 573 continent
1116 553 1130 573 s
1152 548 1185 571 ut
1206 545 1385 574 treschier

385 586 675 621 treshonurable,
700 587 916 622 ireshonure,
940 588 970 617 in
991 587 1094 625 quibus
1116 596 1130 616 s
1147 587 1227 616 debet
1236 590 1340 617 sonari
1352 589 1386 617 de

383 630 424 659 eis
458 630 516 668 qui
537 629 694 668 proprium
715 630 841 667 ydioma
872 631 969 659 sciunt
999 631 1086 668 loqui
1104 627 1154 670 (cf.
1179 630 1322 668 Orthogr.
1344 631 1383 667 V,

381 674 511 712 speciell
534 673 565 703 H
581 673 646 711 34).
693 673 797 702 Eciam
818 677 888 702 sunt
904 674 1027 711 quedam
1049 674 1188 703 dicciones
1211 677 1244 702 ut
1263 675 1385 709 meime,

382 726 472 751 ouec,
492 720 504 745 t
510 726 616 755 reque
640 717 670 744 in
682 716 786 754 quibus
802 717 904 754 aliqui
924 716 1088 746 inscribunt
1107 716 1121 745 s
1143 716 1172 744 in
1194 717 1286 746 medio
1309 719 1389 755 quod

383 764 453 789 esset
472 756 656 797 scriptumi?)
691 757 742 798 (cf.
767 759 854 797 Coyf.
873 768 922 794 21,
947 757 1011 798 52).
1035 760 1074 788 In
1107 759 1179 787 aliis
1212 760 1301 788 eciam
1325 761 1384 789 dic-

383 802 516 832 cionibus
537 804 607 832 solet
620 803 738 840 pluries
760 803 894 832 dubitari
915 803 946 832 in
967 802 1072 841 quibus
1094 803 1146 831 due
1171 803 1281 832 vocales
1304 803 1384 832 debe¬

382 850 436 874 ant
456 846 582 875 inscribi
602 849 636 874 ut
657 846 765 880 chien,
789 845 880 881 bien,
903 847 982 875 rien
1005 842 1104 885 (Orth.
1116 845 1173 875 No.
1188 843 1226 885 I).
1253 845 1322 875 Istis
1332 846 1385 875 ha-

382 887 495 928 biiisÇi)
527 889 559 917 de
589 888 804 927 orthographia
832 888 955 918 Gallica
979 891 1021 917 est
1047 889 1163 918 minime
1191 888 1384 919 dubitandum.

713 969 748 1008 b)
769 971 1043 1000 Formenlehre.

477 1036 512 1079 a)
533 1039 795 1069 Deklinazion.
827 1039 866 1068 In
889 1040 962 1068 dem
983 1039 1064 1069 eben
1075 1039 1378 1078 genanntenSloane

379 1082 437 1113 Ms.
460 1083 562 1121 gehen
584 1083 641 1111 wie
661 1081 803 1111 bemerkt
822 1082 1020 1111 unmittelbar
1041 1083 1128 1112 diese
1148 1082 1380 1113 Deklinazions-

482 1176 493 1195 1
514 1178 697 1204 Geschrieben
724 1179 760 1204 im
787 1179 898 1212 Anfang
921 1181 968 1206 des
995 1186 1034 1212 15.
1054 1181 1109 1215 Jh„
1128 1180 1271 1213 jedenfalls
1290 1181 1378 1213 einige

379 1215 438 1241 Zeit
456 1215 525 1241 nach
546 1222 623 1249 1407,
639 1216 736 1242 Datum
755 1217 802 1242 das
824 1218 870 1242 auf
887 1217 905 1241 f.
917 1224 966 1249 I34
970 1221 983 1234 v
996 1217 1024 1242 in
1035 1217 1138 1243 diesem
1152 1218 1380 1250 Zusammenhang

378 1253 462 1279 stekt:
482 1253 609 1290 Explicit
622 1257 689 1286 opus
707 1255 842 1279 admirate
858 1255 1022 1279 ciromancie
1034 1252 1206 1288 compilatum
1219 1252 1282 1288 [per
1293 1254 1380 1279 Name

378 1288 520 1323 ausradirt]
542 1292 574 1314 de
591 1291 746 1321 Florenda,
765 1290 798 1316 A.
815 1291 850 1317 D.
863 1289 988 1316 MCCCC
1009 1293 1130 1323 septimo.
1170 1291 1224 1316 Der
1240 1290 1382 1316 Schreiber

377 1326 513 1351 Ricardus
541 1326 629 1356 Dove,
657 1327 802 1352 monachus
830 1327 864 1352 de
891 1327 1006 1352 Bukfast
1022 1326 1214 1361 (Devonshire)
1237 1327 1281 1352 hat
1300 1328 1378 1353 keine

380 1362 558 1395 Geiegenheit
580 1364 714 1389 versâumt
737 1364 794 1389 sich
822 1372 854 1388 zu
880 1371 994 1389 nennen.
1033 1364 1131 1388 Hinter
1145 1363 1237 1396 jedem
1258 1363 1380 1389 kleinern

378 1398 444 1431 oder
463 1399 586 1431 grössern
606 1400 751 1425 Abschnitt
770 1401 841 1425 steht
858 1400 916 1425 sein
934 1400 1029 1426 Name.

412 1435 502 1460 Inhalt
520 1436 568 1461 des
586 1437 654 1462 Ms.:
675 1437 693 1463 f.
715 1443 782 1462 I—2
796 1435 970 1472 (Vorsatzbl.)
984 1436 1127 1462 Formulae
1140 1437 1313 1469 epistolarum
1323 1446 1379 1463 mo¬

728 1473 881 1503 nachorum,

676 1510 694 1536 f.
715 1516 802 1542 3—97
804 1515 819 1529 T
835 1509 949 1536 Versch.
959 1509 1005 1535 lat.
1016 1510 1141 1535 Traktate
1152 1509 1378 1535 astronomischen

726 1555 751 1573 u.
771 1548 796 1572 ü.
816 1547 930 1573 Inhalts.

377 1583 395 1608 f.
415 1583 448 1614 98
451 1587 465 1601 v
466 1597 501 1601 —
503 1588 535 1614 99
538 1584 553 1598 v
571 1582 650 1615 Engl.
663 1583 852 1617 ’Würfelspiel-

428 1618 494 1645 lied.

376 1655 394 1680 f.
417 1662 462 1681 loi
468 1660 480 1674 r
483 1661 571 1689 —I34
572 1659 587 1673 v
625 1659 750 1681 tractatus
787 1657 851 1682 ciro¬

433 1692 542 1717 mancie.

375 1729 393 1754 f.
417 1735 464 1761 I35
467 1731 480 1746 r
485 1730 567 1760 —I38
569 1733 583 1747 v
602 1729 714 1756 Donait.

374 1766 391 1791 f.
416 1772 466 1799 I39
469 1771 480 1785 r
483 1778 515 1783 —
521 1765 584 1798 153V
608 1765 723 1791 Gautier
740 1767 773 1790 de
789 1766 852 1791 Bïb-

429 1803 560 1829 lesworth
578 1802 739 1837 (Fragment,
767 1802 851 1828 reicht

427 1849 477 1866 nur
495 1838 537 1864 bis
557 1847 583 1873 p.
610 1844 666 1871 170,
682 1846 713 1864 10
727 1840 775 1864 der
788 1839 849 1866 edit.

428 1876 544 1908 Wright.

905 1583 923 1608 f.
946 1588 1082 1615 154—191
1104 1583 1145 1607 De
1175 1582 1298 1608 alchimia
1322 1583 1379 1615 (lat.

957 1628 983 1644 u.
1005 1618 1071 1652 frz.).

904 1656 923 1682 f.
946 1662 1029 1687 192—
1034 1661 1086 1681 200
1086 1671 1098 1685 r
1119 1656 1172 1681 Ars
1192 1657 1307 1682 notoria.

904 1693 923 1718 f.
942 1698 995 1717 200
997 1694 1012 1709 y
1014 1699 1100 1718 —22o
1103 1697 1117 1710 v
1139 1693 1259 1718 Statuten
1277 1692 1325 1718 des
1335 1694 1378 1719 Ci-

959 1728 1231 1755 stercienserklohters
1242 1729 1363 1756 Bukfast.

904 1765 922 1791 f.
943 1766 991 1790 221
1013 1766 1168 1799 Fragmente
1201 1766 1272 1791 eines
1304 1767 1375 1792 Aus-

957 1803 1128 1835 gabebuches
1145 1811 1199 1829 von
1216 1802 1335 1829 Bukfast.
1350 1823 1354 1827 .
1373 1818 1377 1824 ■
