1749 2481
375 61 418 85 IV

377 147 510 175 Formen
546 148 602 176 der
637 146 826 184 wichtigsten
862 145 1049 177 Pronomina
1092 145 1156 175 und
1192 145 1295 176 Verba
1332 148 1377 178 ta¬

376 189 533 219 bellarisch
569 190 873 227 zusammengestellt.
931 189 1095 219 Zwischen
1124 190 1185 218 den
1218 189 1378 218 einzelnen

376 233 580 263 Abschnitten
616 232 726 261 stehen
751 242 812 261 nun
836 242 913 272 ganz
944 233 1122 262 unmotivirt
1147 232 1268 270 Regeln
1300 232 1377 260 über

374 276 568 315 Aussprache
601 275 664 305 und
699 275 921 316 Orthographie
954 276 1013 306 von
1047 276 1171 305 Lauten
1204 276 1268 304 und
1290 274 1376 304 Wör-

377 323 455 355 tem,
487 319 537 349 die
568 319 624 348 mit
645 319 716 348 dem
744 319 1025 358 Voraufgehenden
1048 320 1127 349 oder
1141 318 1324 357 Folgenden
1345 318 1377 346 in

376 362 479 391 keiner
513 361 686 400 Beziehung
719 363 835 393 stehen.
880 363 919 393 So
954 364 1055 393 hinter
1090 363 1153 392 den
1190 360 1378 391 Pronomina

376 403 410 444 (f.
439 413 451 434 i
458 408 470 422 r
493 405 524 434 in
545 404 606 436 Dd.
627 413 670 435 12.
696 413 745 443 23,
769 406 787 436 f.
814 414 849 444 ig
852 409 865 423 y
888 407 919 436 in
942 407 998 445 Gg.
1023 407 1051 435 6.
1067 405 1121 445 44)
1143 405 1186 435 El
1201 410 1268 435 nota
1283 405 1374 443 quod,

377 449 496 485 quando
521 449 575 477 du&
593 452 775 478 consonantes
797 450 928 478 eveniunt
947 451 977 478 in
1001 460 1061 479 una
1076 448 1187 479 sillaba
1203 449 1235 478 in
1259 448 1376 478 Gallico

374 492 423 520 vel
444 492 473 520 in
498 492 614 521 diversis
637 492 819 527 diccionibus,
840 493 937 526 prima
960 502 1117 521 consonans
1139 501 1197 520 non
1220 491 1372 519 sonabitur

376 535 559 564 communiter
583 538 628 564 ui:
652 538 715 568 est,
738 538 818 568 eest,
834 539 919 572 prest
941 539 966 563 et
985 534 1095 563 similia
1120 535 1149 562 in
1178 543 1238 562 una
1253 532 1376 566 sillaba,

376 578 407 606 in
437 578 559 606 diversis
585 576 705 605 stilabis
728 581 755 605 et
780 578 959 606 diccionibus
981 579 1031 605 ut:
1060 578 1091 606 il
1118 578 1167 605 est
1186 579 1290 613 prest
1306 580 1380 613 pur

377 621 459 650 aler
487 630 545 649 ove
567 630 666 652 nous,
690 619 799 657 qu’est
819 619 879 649 la?
907 623 993 649 estez
1020 630 1104 648 vous
1126 619 1187 648 la?
1209 622 1237 648 ei
1253 619 1376 652 similia,

376 664 445 692 licet
467 661 613 701 alique{?)
636 667 820 692 consonantes
840 664 980 692 sonenlur
997 664 1028 691 in
1050 662 1225 700 quibusdam
1239 663 1377 691 diccioni¬

376 706 431 735 bus
455 710 506 735 ut:
529 715 600 735 mon
622 707 770 735 maistre
780 706 867 746 fait
887 706 958 739 ben,
981 705 1035 734 ubi
1053 707 1071 735 a
1093 707 1193 735 littera
1207 709 1331 734 sonatur
1348 708 1380 733 ut

379 750 396 778 e
421 749 519 778 littera
547 753 574 777 et
595 752 625 777 in
653 750 752 778 ceteris
773 750 847 779 aliis
873 749 1047 779 diccionibus
1061 749 1094 789 ut
1103 749 1220 789 faire,
1248 749 1376 783 traire,

379 794 481 821 raire
505 791 534 820 et
551 793 663 821 similia
694 796 743 821 ui:
764 803 866 822 savez
894 803 975 823 vous
992 790 1102 831 faire
1130 792 1245 830 ainsy,
1277 801 1378 821 savez

378 845 466 864 vous
495 836 612 864 traire
646 835 681 864 de
716 835 818 871 Varc,
849 846 952 866 savez
984 845 1067 865 vous
1088 836 1192 864 raire
1214 836 1250 863 la
1274 835 1378 864 barbe

379 877 432 914 (cf,
457 878 681 917 Orthographia
705 879 781 909 Gall.
798 879 835 913 V,
860 879 1042 918 Coyfurelly,
1068 879 1118 908 ed.
1143 878 1278 916 Stengel,
1296 887 1315 916 p
1332 878 1379 915 16,

380 922 414 951 Z.
440 930 476 958 23
495 919 548 959 ff.).
597 921 703 951 Gleich
730 922 853 952 darauf:
880 922 922 952 Et
945 927 1011 952 nota
1039 924 1129 951 eciam
1156 922 1241 960 quod,
1264 922 1380 959 quando

382 965 474 993 diccio
497 963 692 993 monasillaba
717 965 822 993 desinit
843 966 873 993 in
896 975 914 994 a
937 976 955 994 e
982 966 1030 994 vel
1049 975 1067 994 o
1091 969 1118 994 et
1136 965 1257 1002 sequens
1289 964 1379 993 diccio

378 1007 481 1045 incipit
507 1006 542 1035 ab
570 1016 588 1035 a
615 1016 632 1035 e
658 1007 707 1035 vel
729 1011 758 1040 o,
784 1011 851 1035 tune
870 1010 971 1045 prima
997 1010 1108 1037 vocalis
1136 1008 1215 1037 debet
1240 1008 1317 1037 demi
1345 1008 1376 1036 in

380 1051 531 1087 scriptura
552 1053 580 1078 ei
600 1050 630 1078 in
652 1059 719 1078 sono
742 1051 768 1078 et
789 1050 842 1079 ille
864 1050 917 1079 due
940 1051 1074 1079 dicciones
1097 1051 1196 1079 debent
1206 1052 1248 1079 ad
1256 1051 1376 1080 invicem

380 1093 527 1131 conjungi
558 1096 586 1121 et
606 1096 639 1121 ut
658 1102 719 1121 una
755 1093 844 1122 diccio
870 1093 1076 1131 pronunciari
1093 1097 1142 1121 ut:
1156 1093 1223 1132 jay
1230 1103 1283 1131 me,
1299 1093 1377 1131 jay,

371 1136 561 1175 jenseigne
568 1158 577 1169 ,
602 1136 754 1174 jescrie,
782 1136 855 1175 joy,
882 1136 1017 1173 joitroi
1046 1140 1073 1164 et
1101 1137 1141 1164 sic
1169 1136 1202 1164 de
1210 1146 1217 1174 ,
1233 1135 1379 1165 similibus

380 1177 432 1216 (=
450 1178 608 1213 Orth.'VI,
638 1179 758 1217 Coyfur.
786 1189 815 1218 p.
841 1187 889 1213 22,
917 1180 951 1208 Z.
983 1188 1015 1208 11
1022 1176 1127 1219 —16).
1159 1180 1164 1188 '
1182 1178 1273 1208 Dann
1299 1178 1378 1208 nach

381 1222 438 1251 der
470 1222 681 1260 Konjugazion
712 1232 773 1251 von
803 1223 888 1251 avoir
917 1220 987 1262 (auf
1010 1221 1029 1252 f.
1055 1231 1071 1251 2
1075 1226 1087 1240 r
1111 1223 1142 1252 in
1164 1222 1226 1253 Dd.
1255 1231 1299 1253 12.
1326 1230 1373 1260 23,

380 1264 399 1294 f.
427 1274 461 1294 21
472 1267 484 1281 r
508 1266 539 1294 in
562 1265 620 1302 Gg.
645 1265 671 1294 6.
695 1264 764 1303 44):
798 1265 838 1295 Et
861 1269 930 1304 nota
965 1267 1043 1304 quod
1072 1268 1102 1295 in
1137 1267 1218 1295 omni
1237 1265 1322 1295 verbo
1345 1266 1375 1293 in

373 1309 477 1346 prima
492 1313 622 1346 persona
639 1308 773 1346 pluralis
795 1310 913 1338 numeri
932 1313 965 1338 ut
984 1319 1104 1344 avons,
1127 1310 1146 1338 n
1176 1309 1256 1338 debet
1274 1308 1375 1343 scribi,

377 1352 430 1379 sed
449 1352 479 1380 m
498 1351 543 1380 ibi
562 1355 693 1381 sonatur.
737 1351 838 1380 Eciam
861 1353 916 1380 ista
938 1353 1038 1381 littera
1060 1353 1068 1380 1
1091 1351 1206 1381 habebit
1225 1360 1323 1380 sonum
1347 1354 1380 1379 ut

532 1488 543 1615 I
546 1465 563 1491 I.
586 1472 597 1490 i
602 1469 613 1483 r
617 1464 684 1490 —i8
688 1470 701 1482 v
721 1464 777 1490 The
797 1464 844 1490 old
863 1468 969 1490 tenures
980 1475 1014 1487 =
1026 1464 1079 1490 Dd.
1102 1470 1188 1495 12.23
1203 1465 1219 1490 h
1236 1470 1246 1488 1
1251 1470 1265 1496 3
1269 1470 1282 1482 v
1285 1478 1314 1483 —
1319 1465 1375 1496 67c

547 1502 563 1527 f.
588 1508 617 1533 I9
621 1506 632 1520 r
640 1506 667 1532 —
670 1506 704 1532 30
708 1505 720 1519 r
737 1501 837 1526 Douait
851 1511 884 1523 =
904 1502 958 1527 Dd.
980 1508 1020 1528 12.
1041 1508 1084 1533 23,
1103 1502 1122 1526 f.
1140 1508 1149 1526 I
1153 1506 1166 1520 r
1168 1508 1219 1534 —7
1221 1506 1233 1520 r
1236 1520 1242 1534 ,
1254 1502 1379 1527 stehtauf

601 1544 624 1563 2.
644 1547 669 1563 u.
689 1544 713 1568 3.
731 1538 814 1569 Lage,
833 1539 880 1562 auf
893 1538 969 1570 jener
987 1546 1138 1563 zusammen
1155 1538 1202 1563 mit
1220 1539 1272 1563 deu
1289 1539 1375 1563 Tenu¬

600 1582 650 1605 res,
670 1575 717 1598 auf
732 1575 821 1600 dieser
834 1575 881 1599 mit
892 1575 952 1600 dem
967 1575 1109 1606 folgenden
1121 1575 1210 1605 Stiick,
1223 1575 1268 1601 der
1283 1575 1375 1601 Curia.

532 1634 541 1712 !
547 1611 563 1636 f.
583 1617 617 1643 30
619 1617 632 1628 v
634 1611 717 1642 —6Zr
737 1611 816 1636 Curia
833 1611 940 1637 baronis
960 1615 986 1637 et
1005 1612 1088 1637 eciam
1107 1611 1212 1644 regalis,

547 1647 564 1673 f.
585 1648 618 1672 66
621 1651 632 1664 r
635 1648 733 1672 —168'
767 1648 863 1673 Brevia
891 1648 1030 1680 originalia
1056 1652 1148 1674 sammt
1176 1648 1228 1674 den
1253 1648 1376 1681 Kapitel-

600 1684 794 1709 iiberschriften
814 1693 854 1709 am
870 1685 986 1711 Schluss.

478 1720 529 1745 Die
548 1720 646 1745 beiden
663 1722 730 1746 Mss.
751 1721 812 1746 sind
829 1729 883 1746 von
902 1722 1027 1746 einander
1039 1721 1217 1753 unabhângig,
1239 1721 1273 1745 da
1292 1721 1319 1745 in
1331 1719 1374 1753 Gg

379 1755 423 1779 die
442 1757 654 1782 Adverbialliste
671 1758 873 1789 vollstandiger,
892 1758 921 1784 in
936 1756 982 1784 Dd
1000 1758 1191 1784 hinwiederum
1210 1758 1300 1789 einige
1312 1758 1374 1782 Ver-

380 1792 462 1817 sehen
481 1793 507 1817 in
528 1794 578 1818 den
598 1794 905 1826 Konjugationsformen
925 1793 970 1827 Gg
988 1796 1141 1826 gegeniiber
1153 1795 1299 1826 berichtigt
1308 1794 1372 1821 sind.

377 1828 457 1853 Audi
484 1830 576 1855 stehen
603 1830 721 1856 einzelne
746 1832 866 1856 Partieen
890 1832 945 1857 und
965 1831 1072 1857 Wörter
1098 1841 1131 1857 an
1155 1831 1372 1856 verschiedenem

378 1864 478 1892 Platze.
