1749 2481
391 64 433 87 VI

389 151 495 188 regeln
518 152 632 181 vorauf.
654 167 691 171 —
726 151 839 180 Leider
869 151 907 180 ist
942 162 996 182 vor
1018 151 1036 182 f.
1065 159 1123 189 139
1146 152 1196 181 ein
1218 152 1301 182 Blatt
1325 152 1389 180 und

388 194 443 222 mit
477 195 538 223 ihm
570 195 626 224 der
648 194 772 232 Anfang
789 195 888 224 dieser
908 195 1030 234 Regeln
1053 196 1191 224 verloren
1212 204 1385 234 gegangen.

389 252 431 257 —
453 238 471 268 f.
499 245 556 275 139
559 240 570 254 1,
601 238 706 267 Omnia
735 239 852 266 nomina
880 238 1072 268 terminanda
1098 238 1128 266 in
1150 247 1190 275 ge
1215 242 1248 266 ut
1269 240 1385 276 lange,

390 281 422 308 in
444 281 572 318 phtrali
606 281 752 318 recipiunt
769 290 783 309 s
811 282 842 309 ut
869 282 1001 321 langes.
1050 282 1122 310 Item
1147 282 1243 310 onmia
1267 282 1385 310 tiomina

388 324 580 352 terminanda
606 324 635 351 in
657 333 727 357 ure,
751 327 783 352 ut
805 324 916 360 bourc,
941 327 972 363 in
990 326 1118 363 plurali
1135 325 1282 362 recipiunt
1305 333 1319 353 z
1341 325 1388 351 vel

388 376 401 394 s
428 370 459 394 ut
485 367 586 395 bours
614 367 730 395 delendo
757 368 780 396 c.
827 368 896 397 Item
925 369 1020 398 omnia
1049 369 1168 397 nomina
1197 367 1387 396 terminanda

388 410 420 437 in
443 419 518 443 nyn,
542 412 573 437 ut
596 420 698 447 conyn
722 411 753 448 in
762 411 888 448 plurali
899 412 1047 450 recipiunt
1060 422 1073 441 s
1092 415 1125 440 ut
1139 412 1294 448 chemyns
1306 410 1384 449 (sic).

389 452 458 481 Item
483 453 577 482 omnia
601 454 717 482 nomina
741 455 931 483 terminanda
952 457 983 483 in
1007 465 1067 491 eyn
1093 459 1125 483 ut
1139 460 1240 492 peyn,
1265 456 1296 483 in
1314 454 1383 492 phi¬

387 495 453 524 rali
461 496 608 533 recipiunt
618 506 630 525 s
644 500 705 533 utp
714 507 802 533 eyns.
827 498 896 526 Item
913 498 1007 526 omnia
1019 498 1138 525 nomina
1151 497 1339 525 terminanda
1353 497 1384 524 in

388 538 503 568 Latinis
517 540 547 567 in
560 549 577 567 a
580 540 715 567 sultrin
725 541 802 574 itas,
816 541 1018 577 benignitas
1031 543 1118 567 erunt
1125 539 1272 576 scriptam
1285 539 1385 568 Galli¬

387 582 429 609 cis
441 592 501 610 cum
512 582 626 618 duplici
635 591 671 610 ee
683 585 717 609 ut
728 583 880 615 irinitee,
894 582 1106 612 amarantes.
1139 582 1208 610 Item
1225 583 1319 610 omnia
1334 590 1386 608 no¬

386 625 468 652 mina
493 624 634 662 adjectiva
651 625 839 652 terminanda
868 625 898 651 in
924 635 980 653 uno
1005 625 1021 652 e
1046 625 1075 652 in
1100 625 1260 653 masculino
1281 634 1387 663 genere

387 667 576 704 duplicabunt
607 668 643 696 ee
677 668 707 695 in
726 667 874 707 feminino
890 678 995 705 genere
1018 671 1052 695 ut
1071 667 1266 696 honurable
1286 668 1384 700 horne,

386 710 498 739 honur
505 709 583 738 able
589 709 638 750 «(!)
655 710 789 750 femme.
836 711 908 739 Item
931 711 1026 740 omnia
1049 712 1163 740 nomina
1177 710 1322 748 adjectiva
1334 709 1385 738 ha¬

387 752 488 781 benda
520 753 532 781 t
554 753 582 780 in
607 755 766 783 masculino
790 754 940 792 recipiujii
960 754 976 782 e
1001 754 1030 781 in
1045 754 1203 792 feminino,
1231 758 1265 782 ut
1292 762 1386 783 reve-

385 797 466 825 renl
492 797 580 825 home
586 808 594 836 ,
624 791 809 836 reverente
825 791 963 836 femme.
1011 796 1082 825 Item
1106 798 1203 825 omnia
1218 797 1384 834 participia

379 840 523 876 presentis
534 841 667 877 temporis
678 841 867 869 terminanda
892 842 922 869 in
946 842 1009 870 ani
1023 843 1056 868 ut
1069 839 1174 868 chant
1182 843 1250 874 ani,
1269 841 1382 873 alant,

383 883 415 909 in
434 883 561 919 plurali
579 884 723 921 recipiunt
748 886 762 913 z
796 885 911 913 deletido
935 890 945 913 t
976 886 1010 912 ut
1030 884 1151 916 alanz,
1176 882 1308 911 batanz
1331 879 1383 920 (cf.

385 924 511 964 Orthog.
536 924 604 962 IV).
650 926 717 954 Item
745 930 813 955 nota
839 928 916 964 quod
934 927 1098 965 participia
1120 926 1264 964 preteriti
1287 929 1386 962 tempo¬

382 969 428 996 ris
449 969 579 997 diversas
603 969 707 997 habent
720 970 938 998 terminaciones
958 970 1093 999 videlicet
1107 971 1137 998 in
1154 974 1164 998 t
1190 972 1224 998 ut
1247 968 1383 1005 escript,

384 1011 414 1038 in
441 1020 458 1039 u
483 1015 515 1039 ut
536 1021 553 1038 r
559 1017 590 1048 es
590 1012 719 1048 pondu,
752 1012 781 1039 in
811 1012 921 1048 duplici
940 1022 975 1040 ee
1004 1016 1035 1049 ut
1055 1014 1164 1049 parle
1170 1023 1197 1048 e,
1225 1021 1381 1049 envoyee,

384 1054 612 1091 apparaylee,
635 1055 666 1082 in
691 1064 730 1090 oy
752 1058 784 1082 ut
797 1054 868 1092 joy.
919 1054 1008 1093 Cujus
1040 1056 1206 1084 terminacio
1238 1065 1277 1083 esi
1310 1056 1339 1083 in
1372 1059 1385 1082 t

385 1097 488 1134 recipit
506 1097 521 1125 z
546 1097 574 1125 in
592 1097 718 1134 plurali
738 1100 771 1125 ut
791 1106 908 1134 escryz
933 1097 1052 1126 delendo
1075 1102 1097 1131 t,
1122 1098 1200 1126 cuius
1215 1098 1383 1126 terminacio

387 1142 427 1167 est
448 1140 478 1168 in
504 1149 532 1174 u,
554 1140 685 1169 similiter
706 1141 737 1168 in
753 1140 881 1178 plurali
904 1140 1011 1178 recipit
1035 1150 1061 1174 z,
1089 1143 1122 1168 ut
1142 1141 1339 1177 responduz
1362 1142 1389 1167 et

386 1183 474 1211 edam
507 1183 564 1211 alie
601 1185 652 1212 due
687 1184 909 1212 terminaciones
943 1183 1091 1220 recipiunt
1120 1193 1134 1212 z
1168 1187 1203 1211 ut
1228 1190 1385 1216 enuoyez,

386 1223 548 1264 (j)°y[e]z.
571 1227 640 1255 Alie
650 1230 717 1255 sunt
731 1227 870 1255 dicciones
886 1236 939 1263 que
950 1227 1097 1255 continent
1116 1236 1128 1255 s
1152 1230 1185 1255 ut
1204 1225 1382 1259 treschier,

387 1269 670 1303 treshonurable,
693 1270 907 1304 treshonure,
931 1271 961 1299 in
984 1269 1090 1308 quibus
1113 1279 1126 1299 %
1143 1269 1222 1299 delet
1233 1269 1338 1299 sonari
1350 1269 1382 1297 de

386 1311 424 1339 eis
445 1313 499 1348 qui
510 1313 665 1349 proprium
677 1313 795 1348 ydioma
810 1314 905 1342 sciunt
918 1314 1003 1351 loqui
1016 1313 1067 1349 (cf.
1085 1313 1214 1351 Orthog.
1227 1313 1296 1348 VII,
1311 1321 1381 1350 spe-

384 1354 450 1383 ziell
470 1355 502 1384 H
515 1351 578 1393 34).

481 1397 514 1437 /?)
539 1398 807 1437 Konjugazion.
855 1398 884 1435 1)
907 1398 971 1427 Der
992 1398 1147 1437 Harleyan
1169 1399 1282 1434 Kodex
1300 1405 1378 1435 4971

385 1437 449 1478 (um
475 1448 550 1479 1377
569 1441 778 1479 geschrieben,
803 1450 825 1471 s.
835 1451 864 1470 u.
881 1442 907 1478 p.
921 1440 1025 1478 XXV)
1050 1441 1166 1470 enthalt
1190 1441 1209 1470 f.
1225 1449 1264 1469 20
1269 1444 1280 1457 r
1283 1448 1359 1468 —2i
1367 1442 1382 1456 v

385 1482 568 1512 ausfiihrlich
604 1486 653 1514 die
677 1483 894 1523 Konjugazion
929 1494 989 1513 von
1012 1494 1111 1520 aymer
1134 1484 1173 1512 im
1197 1484 1296 1519 Aktiv,
1325 1483 1383 1512 Im-

383 1528 545 1564 personale
564 1529 630 1557 und
651 1527 758 1556 Passiv
777 1528 809 1555 in
832 1528 887 1555 der
901 1527 1135 1565 gewöhnlichen
1148 1528 1203 1555 der
1217 1526 1274 1556 Ars
1285 1528 1383 1556 minor

384 1569 439 1597 des
462 1569 567 1599 Donat
591 1570 770 1600 entlehnten
794 1571 998 1609 Reihenfolge
1021 1570 1082 1599 von
1104 1569 1177 1608 Ind.
1204 1569 1300 1608 (Prâs.
1322 1569 1379 1607 Ipf.

387 1612 429 1641 Pf.
449 1611 535 1651 Pqpf.
560 1613 649 1653 Fut.),
672 1613 880 1651 Imperativ,
905 1613 1060 1652 Optativ
1083 1613 1151 1652 (Ipf.
1174 1613 1262 1651 Pqpf.
1285 1611 1382 1649 Fut.),

386 1654 615 1695 Konjunktiv
637 1656 734 1695 (Prâs.
758 1656 816 1693 Ipf.
839 1656 927 1695 Pqpf.
952 1655 1044 1694 Fut.),
1069 1655 1137 1694 Inf.
1160 1655 1258 1694 (Prâs.
1276 1655 1380 1694 Pret.),

387 1697 622 1737 Gerundium,
647 1700 725 1729 Part.
751 1698 846 1738 (Prâs.
863 1700 892 1728 u.
916 1700 1007 1738 Fut.),
1031 1700 1050 1729 f.
1075 1709 1110 1729 2i
1117 1702 1131 1716 v
1135 1702 1229 1737 —23*
1258 1700 1310 1727 die
1322 1697 1381 1727 Ak¬

388 1740 426 1769 tiv
431 1740 547 1770 formen
573 1751 633 1771 von
658 1743 734 1777 volo,
752 1742 851 1782 facio,
879 1742 974 1773 habeo.
1019 1743 1072 1772 Als
1101 1741 1381 1772 bemerkenswerth

387 1784 465 1813 hebe
499 1785 547 1814 ich
573 1784 688 1822 hervor,
726 1786 799 1815 dass
824 1786 874 1813 die
899 1794 925 1816 2.
949 1786 997 1816 Ps.
1021 1786 1068 1824 Sg.
1091 1788 1124 1815 in
1146 1786 1226 1815 allen
1248 1786 1380 1814 Formen

386 1837 427 1855 —
449 1837 476 1856 es
499 1825 569 1868 (es),
593 1838 627 1857 as
638 1826 761 1868 (habes)
785 1829 848 1857 und
871 1829 933 1858 den
953 1829 1051 1859 Indik.
1065 1830 1112 1859 Pf.
1129 1837 1380 1866 ausgenommen,

390 1878 438 1899 wo
462 1871 505 1900 sie
528 1871 583 1900 der
607 1880 634 1902 2.
658 1871 705 1901 Ps.
730 1872 774 1901 PI.
798 1871 896 1911 gleich
922 1873 976 1901 auf
995 1875 1065 1901 -siez
1090 1873 1243 1902 auslautet
1265 1888 1304 1892 —
1327 1872 1384 1900 der
