3460 4616
853 508 1974 575 Et quant esse eust consisere par esz
854 599 1970 668 se se mainfieng et se secu parser ẏar
857 690 1979 759 Sie sse et confenance du plaisant snz
860 781 1980 850 setin esse fussemẏrasee de son amour
858 873 1974 942 plus que de nus austre que samais es
864 962 1967 1031 se eust seu. Draẏdieu qui peust es
856 1055 1966 1126 tre cesfuz cheuasler.CardeNus fol
851 1144 1972 1214 suics iest digne deffre cẏ me moust
856 1233 1968 1308 est plaisanf et droit et de se auste coz
856 1327 1974 1397 poresse fous ses qusfres passas.Et
876 1413 1980 1491 e sa feste dar ain saisoif ci monsous
847 1506 1969 1584 foir samais aus tre de fuz ie ne prens
862 1599 1974 1673 drope.Aauant sa Besse escsarmonōe
844 1689 1970 1761 eust foufes choses dicces ef pensees
849 1782 1968 1850 en son cour aige esse mand a se chasfef
853 1870 1974 1945 samz et suẏ cidist ses nouuesses du che
846 1960 1974 2034 uafier qui seust desens se chasfe ait
848 2053 1968 2127 enfrer Par mon sleu dist se chasfess
854 2144 1966 2219 samz de gr anf fofie se demenfe.Nar
851 2234 1970 2309 einẏ enferra la sans son corps concre
854 2326 1959 2400 se mienesprouuer.et fis est s hardẏ
851 2417 1970 2491 Se prendre amoẏs cit aue ie fuẏ mos
857 2508 1970 2583 fferr aẏ cserement deu anf fous qpouz
857 2597 1963 2674 Goffre amour cu oir esf frop farf crs
855 2689 1967 2766 riue.asteffaindit sa dame.puie
857 2779 1959 2855 que denfrer cu chasfe cui conge ne fus
859 2871 1963 2948 ẏome z asezPous fost armer.Aar ie
851 2963 1967 3040 sous faẏ as' auoit que de fups ous ci
849 3052 1964 3129 urezsa saf aisse.ef si ciẏ moust granf
851 3144 1969 3219 Dous se que fr op farfne sous repen
855 3236 1959 3309 fezSisous conseisferoẏe queide so
863 3325 1959 3397 stre corpsne seussez metfre endoins
842 3415 1968 3489 Ser.Daine dist se chasfessai q moust
862 3506 1960 3579 fort fuss org ueisse uẏfaiNez en pars
844 3597 1955 3669 tesses par osfes.Nar lamais deuanf
838 3685 1922 3762 que is ẏenfre son corps sachefferci.
854 3776 1958 3851 A ces motz se depar fit se chasfes ain
848 3868 1957 3943 qui sen asai armer ef monfer ci cheu cis
2061 506 3182 580 Et queint is fust nioce is sanfit fors
2080 600 3188 671 de sa porteDne fance ensoiz poing
2069 692 3190 761 moust grosse et moust Bien feriee.ief
2071 781 3187 849 sa dane eftoit aus feneffres pour re
2073 871 3192 941 garderfafaf aisie des deupsaisͤs
2073 963 3178 1031 champions qui sont dedes se champ
2075 1053 3196 1123 enfrez pour qs qusfir fungfaufre.ef
2081 1145 3191 1212 quant Sasentui aSeu se chaffeffaim
2069 1235 3194 1302 qui desi fiercoir age contre fus estse
2062 1327 3170 1396 nu is ns aissesafance et frappe des eS
2072 1417 3191 1485 perons.Lors onf renconfre sungsait
2075 1508 3200 1578 fre si droit que seurs deus fsances sof
2076 1595 3187 1667 Mosees par pieces.puis ont reprins
2066 1687 3191 1758 nouuesses fances et si fieremens sonf
2076 1779 3188 1848 sung sur faufre arriue que cheuquifs
2076 1868 3186 1937 ef champions sonf par ferre fomez
2080 1958 3189 2030 Mais se cheuas desalenfin qui fust
2080 2048 3167 2120 forf et puissantsans son maistre des
2070 2143 3190 2208 cƺsre sur ses piesz se reseusi.ef quiif
2068 2232 3187 2306 Daentin fuff reseue is disf cu chcis
2079 2320 3187 2394 fessains moust douscement.Orsous
2074 2413 3174 2482 rese uez ef monfezci cheucs fout cs o
2086 2502 3170 2574 ffre cẏse.Aar ia de moẏfous naures
2074 2594 3171 2668 Paf aisse iusques ci fant quesous soẏ
2066 2686 3185 2756 ezai cleucis.car peu me ser oit desquss
2076 2778 3183 2846 fance se en ce point sous coms afoẏe
2076 2867 3188 2937 Le chasfessanz fust moust ioleusẏ et
2060 2960 3178 3032 prisa moust sagr acleusetede Dase
2075 3052 3173 3120 fin Sẏ mont cidessus son cheuesef
2063 3141 3174 3209 puis aprins one Tance puis est Sem̅t
2068 3231 3176 3303 contre Dasenfin moust despiteuses
2058 3320 3173 3391 menf.maisosenfu qui sceusf ace
2071 3411 3172 3481 Ne Neure de fasace souer si graf coup
2057 3500 3173 3571 fupdomna que iesu offa se heausme
2073 3593 3172 3662 de sa fesse ef geff aẏas ci ferre cheucis
2065 3684 3168 3756 ef chastessain.Et quant is se seif cis
2055 3770 3171 3848 Safu ef en si grant donger Asasens
2063 3864 3172 3935 fin dist Sẏeuasier ie secẏBiendonf
