<?xml version="1.0" encoding="UTF-8" standalone="yes"?>
<PcGts xmlns="http://schema.primaresearch.org/PAGE/gts/pagecontent/2013-07-15" xmlns:xsi="http://www.w3.org/2001/XMLSchema-instance" xsi:schemaLocation="http://schema.primaresearch.org/PAGE/gts/pagecontent/2013-07-15 http://schema.primaresearch.org/PAGE/gts/pagecontent/2013-07-15/pagecontent.xsd">
    <Metadata>
        <Creator>Transkribus</Creator>
        <Created>2019-11-18T12:10:24.808+01:00</Created>
        <LastChange>2019-11-18T14:08:17.991+01:00</LastChange>
        <Comments>
                Measurement unit: pixel
                PrimaryLanguage: English
                Language: GermanStandard
                Language: OldFrench
                Language: Latin
                Producer: Transkribus
            </Comments>
        <TranskribusMetadata docId="254079" pageId="11121528" pageNr="2" tsid="19514194" status="GT" userId="50812" imgUrl="https://files.transkribus.eu/Get?id=XQNCFRZZFVWIPMFACFVZNYOQ&amp;fileType=view" xmlUrl="https://files.transkribus.eu/Get?id=UKJUPYAPVCSDQBFWPGRFDKDA" imageId="7587549"/>
    </Metadata>
    <Page imageFilename="254079_0002_11121528.jpg" imageWidth="2481" imageHeight="1749">
        <PrintSpace>
            <Coords points="261,48 2128,48 2128,1132 261,1132"/>
        </PrintSpace>
        <ReadingOrder>
            <OrderedGroup id="ro_1633103366110" caption="Regions reading order">
                <RegionRefIndexed index="0" regionRef="r_1_1"/>
                <RegionRefIndexed index="1" regionRef="r_2_1"/>
                <RegionRefIndexed index="2" regionRef="r_2_2"/>
                <RegionRefIndexed index="3" regionRef="r_3_1"/>
                <RegionRefIndexed index="4" regionRef="r_4_1"/>
                <RegionRefIndexed index="5" regionRef="r_4_2"/>
                <RegionRefIndexed index="6" regionRef="r_4_3"/>
                <RegionRefIndexed index="7" regionRef="r_4_4"/>
                <RegionRefIndexed index="8" regionRef="r_4_5"/>
                <RegionRefIndexed index="9" regionRef="r_5_1"/>
                <RegionRefIndexed index="10" regionRef="r_5_2"/>
                <RegionRefIndexed index="11" regionRef="r_6_1"/>
                <RegionRefIndexed index="12" regionRef="r_6_2"/>
                <RegionRefIndexed index="13" regionRef="r_7_1"/>
            </OrderedGroup>
        </ReadingOrder>
        <TextRegion type="paragraph" id="r_1_1" custom="readingOrder {index:0;}">
            <Coords points="1126,53 1309,53 1309,81 1126,81"/>
            <TextLine id="tl_1" primaryLanguage="German" custom="readingOrder {index:0;}">
                <Coords points="1127,54 1308,54 1308,80 1127,80"/>
                <Baseline points="1127,79 1174,80 1308,80"/>
                <Word id="w_w2aab1b1b2b1b1ab1" language="German" custom="readingOrder {index:0;}">
                    <Coords points="1127,54 1174,54 1174,80 1127,80"/>
                    <TextEquiv>
                        <Unicode>Nr.</Unicode>
                    </TextEquiv>
                    <TextStyle fontFamily="Times New Roman" fontSize="8.5"/>
                </Word>
                <Word id="w_w2aab1b1b2b1b1ab9" language="German" custom="readingOrder {index:1;}">
                    <Coords points="1196,54 1308,54 1308,80 1196,80"/>
                    <TextEquiv>
                        <Unicode>V—VI.</Unicode>
                    </TextEquiv>
                    <TextStyle fontFamily="Times New Roman" fontSize="8.5"/>
                </Word>
                <TextEquiv>
                    <Unicode>Nr. V—VI.</Unicode>
                </TextEquiv>
                <TextStyle fontFamily="Times New Roman" fontSize="8.5"/>
            </TextLine>
            <TextEquiv>
                <Unicode>Nr. V—VI.</Unicode>
            </TextEquiv>
        </TextRegion>
        <TextRegion type="paragraph" id="r_2_1" custom="readingOrder {index:1;}">
            <Coords points="267,122 897,122 897,251 267,251"/>
            <TextLine id="tl_2" primaryLanguage="German" custom="readingOrder {index:0;}">
                <Coords points="268,123 895,123 895,164 268,164"/>
                <Baseline points="268,155 302,155 393,161 455,163 511,155 578,162 706,155 895,155"/>
                <Word id="w_w2aab1b3b2b1b1ab1" language="German" custom="readingOrder {index:0;}">
                    <Coords points="268,125 302,125 302,161 268,161"/>
                    <TextEquiv>
                        <Unicode>V</Unicode>
                    </TextEquiv>
                    <TextStyle fontFamily="Times New Roman" fontSize="8.5"/>
                </Word>
                <Word id="w_w2aab1b3b2b1b1b1b1" language="English" custom="readingOrder {index:1;}">
                    <Coords points="382,123 424,123 424,163 382,163"/>
                    <TextEquiv>
                        <Unicode>(T</Unicode>
                    </TextEquiv>
                    <TextStyle fontFamily="Times New Roman" fontSize="8.5"/>
                </Word>
                <Word id="w_w2aab1b3b2b1b1b2b1" language="German" custom="readingOrder {index:2;}">
                    <Coords points="440,124 455,124 455,163 440,163"/>
                    <TextEquiv>
                        <Unicode>7</Unicode>
                    </TextEquiv>
                    <TextStyle fontFamily="Times New Roman" fontSize="8.5"/>
                </Word>
                <Word id="w_w2aab1b3b2b1b1b3b1" language="English" custom="readingOrder {index:3;}">
                    <Coords points="476,124 511,124 511,155 476,155"/>
                    <TextEquiv>
                        <Unicode>H</Unicode>
                    </TextEquiv>
                    <TextStyle fontFamily="Times New Roman" fontSize="8.5"/>
                </Word>
                <Word id="w_w2aab1b3b2b1b1b3b5" language="English" custom="readingOrder {index:4;}">
                    <Coords points="525,126 578,126 578,163 525,163"/>
                    <TextEquiv>
                        <Unicode>29)</Unicode>
                    </TextEquiv>
                    <TextStyle fontFamily="Times New Roman" fontSize="8.5"/>
                </Word>
                <Word id="w_w2aab1b3b2b1b1b3c13" language="English" custom="readingOrder {index:5;}">
                    <Coords points="617,126 706,126 706,155 617,155"/>
                    <TextEquiv>
                        <Unicode>Item</Unicode>
                    </TextEquiv>
                    <TextStyle fontFamily="Times New Roman" fontSize="8.5"/>
                </Word>
                <Word id="w_w2aab1b3b2b1b1b3c23" language="English" custom="readingOrder {index:6;}">
                    <Coords points="742,126 895,126 895,164 742,164"/>
                    <TextEquiv>
                        <Unicode>quedam</Unicode>
                    </TextEquiv>
                    <TextStyle fontFamily="Times New Roman" fontSize="8.5"/>
                </Word>
                <TextEquiv>
                    <Unicode>V (T 7 H 29) Item quedam</Unicode>
                </TextEquiv>
            </TextLine>
            <TextLine id="tl_3" primaryLanguage="English" custom="readingOrder {index:1;}">
                <Coords points="337,165 896,165 896,207 337,207"/>
                <Baseline points="337,198 463,198 747,198 896,198"/>
                <Word id="w_w2aab1b3b2b1b3ab1" language="English" custom="readingOrder {index:0;}">
                    <Coords points="337,165 463,165 463,198 337,198"/>
                    <TextEquiv>
                        <Unicode>sillabe</Unicode>
                    </TextEquiv>
                    <TextStyle fontFamily="Times New Roman" fontSize="10.0"/>
                </Word>
                <Word id="w_w2aab1b3b2b1b3ac17" language="English" custom="readingOrder {index:1;}">
                    <Coords points="514,166 747,166 747,206 514,206"/>
                    <TextEquiv>
                        <Unicode>pronunciate</Unicode>
                    </TextEquiv>
                    <TextStyle fontFamily="Times New Roman" fontSize="10.0"/>
                </Word>
                <Word id="w_w2aab1b3b2b1b3ac41" language="English" custom="readingOrder {index:2;}">
                    <Coords points="794,166 896,166 896,207 794,207"/>
                    <TextEquiv>
                        <Unicode>quasi</Unicode>
                    </TextEquiv>
                    <TextStyle fontFamily="Times New Roman" fontSize="10.0"/>
                </Word>
                <TextEquiv>
                    <Unicode>sillabe pronunciate quasi</Unicode>
                </TextEquiv>
                <TextStyle fontFamily="Times New Roman" fontSize="10.0"/>
            </TextLine>
            <TextLine id="tl_4" primaryLanguage="English" custom="readingOrder {index:2;}">
                <Coords points="338,207 896,207 896,250 338,250"/>
                <Baseline points="338,239 356,239 546,239 896,239"/>
                <Word id="w_w2aab1b3b2b1b5ab1" language="English" custom="readingOrder {index:0;}">
                    <Coords points="338,217 416,217 416,240 338,240"/>
                    <TextEquiv>
                        <Unicode>cum</Unicode>
                    </TextEquiv>
                    <TextStyle fontFamily="Times New Roman" fontSize="10.0"/>
                </Word>
                <Word id="w_w2aab1b3b2b1b5b1b1" language="English" custom="readingOrder {index:1;}">
                    <Coords points="469,208 692,208 692,250 469,250"/>
                    <TextEquiv>
                        <Unicode>aspiracione</Unicode>
                    </TextEquiv>
                    <TextStyle fontFamily="Times New Roman" fontSize="10.0"/>
                </Word>
                <Word id="w_w2aab1b3b2b1b5b2b1" language="English" custom="readingOrder {index:2;}">
                    <Coords points="745,212 896,212 896,250 745,250"/>
                    <TextEquiv>
                        <Unicode>possunt</Unicode>
                    </TextEquiv>
                    <TextStyle fontFamily="Times New Roman" fontSize="10.0"/>
                </Word>
                <TextEquiv>
                    <Unicode>cum aspiracione possunt</Unicode>
                </TextEquiv>
            </TextLine>
            <TextEquiv>
                <Unicode>V (T 7 H 29) Item quedam
sillabe pronunciate quasi
cum aspiracione possunt</Unicode>
            </TextEquiv>
        </TextRegion>
        <TextRegion type="paragraph" id="r_2_2" custom="readingOrder {index:2;}">
            <Coords points="336,250 897,250 897,333 336,333"/>
            <TextLine id="tl_5" primaryLanguage="English" custom="readingOrder {index:0;}">
                <Coords points="338,251 896,251 896,289 338,289"/>
                <Baseline points="338,279 444,279 486,280 585,279 621,280 668,278 720,279 896,272"/>
                <Word id="w_w2aab1b3b2b3b1ab1" language="English" custom="readingOrder {index:0;}">
                    <Coords points="338,251 444,251 444,279 338,279"/>
                    <TextEquiv>
                        <Unicode>scribi</Unicode>
                    </TextEquiv>
                    <TextStyle fontFamily="Times New Roman" fontSize="8.5"/>
                </Word>
                <Word id="w_w2aab1b3b2b3b1ac15" language="English" custom="readingOrder {index:1;}">
                    <Coords points="468,261 546,261 546,280 468,280"/>
                    <TextEquiv>
                        <Unicode>cum</Unicode>
                    </TextEquiv>
                    <TextStyle fontFamily="Times New Roman" fontSize="8.5"/>
                </Word>
                <Word id="w_w2aab1b3b2b3b1b1b1" language="English" custom="readingOrder {index:2;}">
                    <Coords points="568,261 585,261 585,280 568,280"/>
                    <TextEquiv>
                        <Unicode>s</Unicode>
                    </TextEquiv>
                    <TextStyle fontFamily="Times New Roman" fontSize="8.5"/>
                </Word>
                <Word id="w_w2aab1b3b2b3b1b2b1" language="German" custom="readingOrder {index:3;}">
                    <Coords points="603,253 638,253 638,280 603,280"/>
                    <TextEquiv>
                        <Unicode>et</Unicode>
                    </TextEquiv>
                    <TextStyle fontFamily="Times New Roman" fontSize="8.5"/>
                </Word>
                <Word id="w_w2aab1b3b2b3b1b3b1" language="English" custom="readingOrder {index:4;}">
                    <Coords points="653,253 675,253 675,283 653,283"/>
                    <TextEquiv>
                        <Unicode>/,</Unicode>
                    </TextEquiv>
                    <TextStyle fontFamily="Times New Roman" fontSize="8.5"/>
                </Word>
                <Word id="w_w2aab1b3b2b3b1b4b1" language="English" custom="readingOrder {index:5;}">
                    <Coords points="699,252 799,252 799,289 699,289"/>
                    <TextEquiv>
                        <Unicode>verbi</Unicode>
                    </TextEquiv>
                    <TextStyle fontFamily="Times New Roman" fontSize="8.5"/>
                </Word>
                <Word id="w_w2aab1b3b2b3b1b5b1" language="English" custom="readingOrder {index:6;}">
                    <Coords points="814,260 896,260 896,289 814,289"/>
                    <TextEquiv>
                        <Unicode>gra¬</Unicode>
                    </TextEquiv>
                    <TextStyle fontFamily="Times New Roman" fontSize="8.5"/>
                </Word>
                <TextEquiv>
                    <Unicode>scribi cum s et t, verbi gra¬</Unicode>
                </TextEquiv>
            </TextLine>
            <TextLine id="tl_6" primaryLanguage="English" custom="readingOrder {index:1;}">
                <Coords points="337,289 694,289 694,332 337,332"/>
                <Baseline points="337,323 356,323 473,328 518,332 593,328 653,322 694,324"/>
                <Word id="w_w2aab1b3b2b3b3ab1" language="English" custom="readingOrder {index:0;}">
                    <Coords points="337,291 391,291 391,323 337,323"/>
                    <TextEquiv>
                        <Unicode>cia</Unicode>
                    </TextEquiv>
                    <TextStyle fontFamily="Times New Roman" fontSize="8.5"/>
                </Word>
                <Word id="w_w2aab1b3b2b3b3b1b1" language="English" custom="readingOrder {index:1;}">
                    <Coords points="414,292 473,292 473,328 414,328"/>
                    <TextEquiv>
                        <Unicode>est,</Unicode>
                    </TextEquiv>
                    <TextStyle fontFamily="Times New Roman" fontSize="10.0" italic="true"/>
                </Word>
                <Word id="w_w2aab1b3b2b3b3b1c11" language="English" custom="readingOrder {index:2;}">
                    <Coords points="490,290 550,290 550,332 490,332"/>
                    <TextEquiv>
                        <Unicode>ple</Unicode>
                    </TextEquiv>
                    <TextStyle fontFamily="Times New Roman" fontSize="10.0" italic="true"/>
                </Word>
                <Word id="w_w2aab1b3b2b3b3b2b1" language="English" custom="readingOrder {index:3;}">
                    <Coords points="553,293 593,293 593,328 553,328"/>
                    <TextEquiv>
                        <Unicode>st,</Unicode>
                    </TextEquiv>
                    <TextStyle fontFamily="Times New Roman" fontSize="10.0" italic="true"/>
                </Word>
                <Word id="w_w2aab1b3b2b3b3b2b9" language="English" custom="readingOrder {index:4;}">
                    <Coords points="617,302 653,302 653,322 617,322"/>
                    <TextEquiv>
                        <Unicode>ce</Unicode>
                    </TextEquiv>
                    <TextStyle fontFamily="Times New Roman" fontSize="10.0" italic="true"/>
                </Word>
                <Word id="w_w2aab1b3b2b3b3b2c15" language="English" custom="readingOrder {index:5;}">
                    <Coords points="653,293 694,293 694,324 653,324"/>
                    <TextEquiv>
                        <Unicode>st.</Unicode>
                    </TextEquiv>
                    <TextStyle fontFamily="Times New Roman" fontSize="10.0" italic="true"/>
                </Word>
                <TextEquiv>
                    <Unicode>cia est, plest, cest.</Unicode>
                </TextEquiv>
            </TextLine>
            <TextEquiv>
                <Unicode>scribi cum s et t, verbi gra¬
cia est, plest, cest.</Unicode>
            </TextEquiv>
        </TextRegion>
        <TextRegion type="paragraph" id="r_3_1" custom="readingOrder {index:3;}">
            <Coords points="948,124 2123,124 2123,253 948,253"/>
            <TextLine id="tl_7" primaryLanguage="English" custom="readingOrder {index:0;}">
                <Coords points="995,125 2120,125 2120,170 995,170"/>
                <Baseline points="995,163 1043,156 1090,155 1172,157 1245,164 1283,156 1500,157 1543,158 1762,158 2007,160 2120,160"/>
                <Word id="w_w2aab1b5b2b1b1ab1" language="English" custom="readingOrder {index:0;}">
                    <Coords points="995,125 1043,125 1043,163 995,163"/>
                    <TextEquiv>
                        <Unicode>(H</Unicode>
                    </TextEquiv>
                    <TextStyle fontFamily="Times New Roman" fontSize="8.5"/>
                </Word>
                <Word id="w_w2aab1b5b2b1b1ab7" language="English" custom="readingOrder {index:1;}">
                    <Coords points="1053,137 1090,137 1090,163 1053,163"/>
                    <TextEquiv>
                        <Unicode>91</Unicode>
                    </TextEquiv>
                    <TextStyle fontFamily="Times New Roman" fontSize="8.5"/>
                </Word>
                <Word id="w_w2aab1b5b2b1b1ac13" language="English" custom="readingOrder {index:2;}">
                    <Coords points="1118,125 1172,125 1172,157 1118,157"/>
                    <TextEquiv>
                        <Unicode>CO</Unicode>
                    </TextEquiv>
                    <TextStyle fontFamily="Times New Roman" fontSize="8.5"/>
                </Word>
                <Word id="w_w2aab1b5b2b1b1ac19" language="English" custom="readingOrder {index:3;}">
                    <Coords points="1196,127 1245,127 1245,164 1196,164"/>
                    <TextEquiv>
                        <Unicode>18)</Unicode>
                    </TextEquiv>
                    <TextStyle fontFamily="Times New Roman" fontSize="8.5"/>
                </Word>
                <Word id="w_w2aab1b5b2b1b1ac27" language="English" custom="readingOrder {index:4;}">
                    <Coords points="1269,130 1348,130 1348,164 1269,164"/>
                    <TextEquiv>
                        <Unicode>Item</Unicode>
                    </TextEquiv>
                    <TextStyle fontFamily="Times New Roman" fontSize="8.5"/>
                </Word>
                <Word id="w_w2aab1b5b2b1b1b1b1" language="English" custom="readingOrder {index:5;}">
                    <Coords points="1371,131 1500,131 1500,164 1371,164"/>
                    <TextEquiv>
                        <Unicode>quando</Unicode>
                    </TextEquiv>
                    <TextStyle fontFamily="Times New Roman" fontSize="8.5"/>
                </Word>
                <Word id="w_w2aab1b5b2b1b1b1c15" language="English" custom="readingOrder {index:6;}">
                    <Coords points="1525,131 1629,131 1629,166 1525,166"/>
                    <TextEquiv>
                        <Unicode>aliqua</Unicode>
                    </TextEquiv>
                    <TextStyle fontFamily="Times New Roman" fontSize="8.5"/>
                </Word>
                <Word id="w_w2aab1b5b2b1b1b2b1" language="English" custom="readingOrder {index:7;}">
                    <Coords points="1652,131 1762,131 1762,158 1652,158"/>
                    <TextEquiv>
                        <Unicode>sillaba</Unicode>
                    </TextEquiv>
                    <TextStyle fontFamily="Times New Roman" fontSize="8.5"/>
                </Word>
                <Word id="w_w2aab1b5b2b1b1b2c17" language="English" custom="readingOrder {index:8;}">
                    <Coords points="1785,133 2007,133 2007,167 1785,167"/>
                    <TextEquiv>
                        <Unicode>pronunciatur</Unicode>
                    </TextEquiv>
                    <TextStyle fontFamily="Times New Roman" fontSize="8.5"/>
                </Word>
                <Word id="w_w2aab1b5b2b1b1b2c43" language="English" custom="readingOrder {index:9;}">
                    <Coords points="2032,135 2120,135 2120,169 2032,169"/>
                    <TextEquiv>
                        <Unicode>quasi</Unicode>
                    </TextEquiv>
                    <TextStyle fontFamily="Times New Roman" fontSize="8.5"/>
                </Word>
                <TextEquiv>
                    <Unicode>(H 91 CO 18) Item quando aliqua sillaba pronunciatur quasi</Unicode>
                </TextEquiv>
            </TextLine>
            <TextLine id="tl_8" primaryLanguage="English" custom="readingOrder {index:1;}">
                <Coords points="952,168 2122,168 2122,212 952,212"/>
                <Baseline points="952,198 1023,198 1252,205 1326,199 1362,200 1579,200 1693,201 1730,201 1820,202 1860,202 1899,202 1938,202 2022,202 2122,197"/>
                <Word id="w_w2aab1b5b2b1b3ab1" language="English" custom="readingOrder {index:0;}">
                    <Coords points="952,177 1023,177 1023,198 952,198"/>
                    <TextEquiv>
                        <Unicode>cum</Unicode>
                    </TextEquiv>
                    <TextStyle fontFamily="Times New Roman" fontSize="10.0"/>
                </Word>
                <Word id="w_w2aab1b5b2b1b3ab9" language="English" custom="readingOrder {index:1;}">
                    <Coords points="1046,169 1252,169 1252,208 1046,208"/>
                    <TextEquiv>
                        <Unicode>aspiracione,</Unicode>
                    </TextEquiv>
                    <TextStyle fontFamily="Times New Roman" fontSize="10.0"/>
                </Word>
                <Word id="w_w2aab1b5b2b1b3ac35" language="English" custom="readingOrder {index:2;}">
                    <Coords points="1275,169 1326,169 1326,199 1275,199"/>
                    <TextEquiv>
                        <Unicode>illa</Unicode>
                    </TextEquiv>
                    <TextStyle fontFamily="Times New Roman" fontSize="10.0"/>
                </Word>
                <Word id="w_w2aab1b5b2b1b3ac45" language="English" custom="readingOrder {index:3;}">
                    <Coords points="1349,170 1458,170 1458,200 1349,200"/>
                    <TextEquiv>
                        <Unicode>sillaba</Unicode>
                    </TextEquiv>
                    <TextStyle fontFamily="Times New Roman" fontSize="10.0"/>
                </Word>
                <Word id="w_w2aab1b5b2b1b3b1b1" language="English" custom="readingOrder {index:4;}">
                    <Coords points="1481,171 1579,171 1579,200 1481,200"/>
                    <TextEquiv>
                        <Unicode>debet</Unicode>
                    </TextEquiv>
                    <TextStyle fontFamily="Times New Roman" fontSize="10.0"/>
                </Word>
                <Word id="w_w2aab1b5b2b1b3b1c13" language="English" custom="readingOrder {index:5;}">
                    <Coords points="1601,171 1693,171 1693,202 1601,202"/>
                    <TextEquiv>
                        <Unicode>scribi</Unicode>
                    </TextEquiv>
                    <TextStyle fontFamily="Times New Roman" fontSize="10.0"/>
                </Word>
                <Word id="w_w2aab1b5b2b1b3b1c27" language="English" custom="readingOrder {index:6;}">
                    <Coords points="1713,182 1783,182 1783,202 1713,202"/>
                    <TextEquiv>
                        <Unicode>cum</Unicode>
                    </TextEquiv>
                    <TextStyle fontFamily="Times New Roman" fontSize="10.0"/>
                </Word>
                <Word id="w_w2aab1b5b2b1b3b2b1" language="English" custom="readingOrder {index:7;}">
                    <Coords points="1805,183 1820,183 1820,202 1805,202"/>
                    <TextEquiv>
                        <Unicode>j</Unicode>
                    </TextEquiv>
                    <TextStyle fontFamily="Times New Roman" fontSize="10.0"/>
                </Word>
                <Word id="w_w2aab1b5b2b1b3b2b5" language="English" custom="readingOrder {index:8;}">
                    <Coords points="1843,176 1875,176 1875,202 1843,202"/>
                    <TextEquiv>
                        <Unicode>et</Unicode>
                    </TextEquiv>
                    <TextStyle fontFamily="Times New Roman" fontSize="10.0"/>
                </Word>
                <Word id="w_w2aab1b5b2b1b3b3b1" language="English" custom="readingOrder {index:9;}">
                    <Coords points="1887,176 1899,176 1899,202 1887,202"/>
                    <TextEquiv>
                        <Unicode>t</Unicode>
                    </TextEquiv>
                    <TextStyle fontFamily="Times New Roman" fontSize="10.0" italic="true"/>
                </Word>
                <Word id="w_w2aab1b5b2b1b3b5b1" language="German" custom="readingOrder {index:10;}">
                    <Coords points="1908,173 1938,173 1938,202 1908,202"/>
                    <TextEquiv>
                        <Unicode>in</Unicode>
                    </TextEquiv>
                    <TextStyle fontFamily="Times New Roman" fontSize="10.0"/>
                </Word>
                <Word id="w_w2aab1b5b2b1b3b5b7" language="German" custom="readingOrder {index:11;}">
                    <Coords points="1952,173 2022,173 2022,203 1952,203"/>
                    <TextEquiv>
                        <Unicode>loco</Unicode>
                    </TextEquiv>
                    <TextStyle fontFamily="Times New Roman" fontSize="10.0"/>
                </Word>
                <Word id="w_w2aab1b5b2b1b3b5c17" language="German" custom="readingOrder {index:12;}">
                    <Coords points="2038,175 2122,175 2122,212 2038,212"/>
                    <TextEquiv>
                        <Unicode>aspi-</Unicode>
                    </TextEquiv>
                    <TextStyle fontFamily="Times New Roman" fontSize="10.0"/>
                </Word>
                <TextEquiv>
                    <Unicode>cum aspiracione, illa sillaba debet scribi cum s et t in loco aspi¬</Unicode>
                </TextEquiv>
            </TextLine>
            <TextLine id="tl_9" primaryLanguage="German" custom="readingOrder {index:2;}">
                <Coords points="949,210 1596,210 1596,252 949,252"/>
                <Baseline points="949,239 1003,240 1136,241 1246,250 1366,241 1492,247 1596,244"/>
                <Word id="w_w2aab1b5b2b1b5ab1" language="German" custom="readingOrder {index:0;}">
                    <Coords points="949,211 1094,211 1094,248 949,248"/>
                    <TextEquiv>
                        <Unicode>racionis,</Unicode>
                    </TextEquiv>
                    <TextStyle fontFamily="Times New Roman" fontSize="10.0"/>
                </Word>
                <Word id="w_w2aab1b5b2b1b5b1b1" language="English" custom="readingOrder {index:1;}">
                    <Coords points="1118,212 1203,212 1203,250 1118,250"/>
                    <TextEquiv>
                        <Unicode>verbi</Unicode>
                    </TextEquiv>
                    <TextStyle fontFamily="Times New Roman" fontSize="10.0"/>
                </Word>
                <Word id="w_w2aab1b5b2b1b5b2b1" language="English" custom="readingOrder {index:2;}">
                    <Coords points="1226,212 1331,212 1331,250 1226,250"/>
                    <TextEquiv>
                        <Unicode>gracia</Unicode>
                    </TextEquiv>
                    <TextStyle fontFamily="Times New Roman" fontSize="10.0"/>
                </Word>
                <Word id="w_w2aab1b5b2b1b5b3b1" language="English" custom="readingOrder {index:3;}">
                    <Coords points="1352,214 1401,214 1401,249 1352,249"/>
                    <TextEquiv>
                        <Unicode>est,</Unicode>
                    </TextEquiv>
                    <TextStyle fontFamily="Times New Roman" fontSize="10.0" italic="true"/>
                </Word>
                <Word id="w_w2aab1b5b2b1b5b4b1" language="German" custom="readingOrder {index:4;}">
                    <Coords points="1428,215 1492,215 1492,247 1428,247"/>
                    <TextEquiv>
                        <Unicode>cest,</Unicode>
                    </TextEquiv>
                    <TextStyle fontFamily="Times New Roman" fontSize="10.0" italic="true"/>
                </Word>
                <Word id="w_w2aab1b5b2b1b5b4c13" language="German" custom="readingOrder {index:5;}">
                    <Coords points="1508,214 1596,214 1596,252 1508,252"/>
                    <TextEquiv>
                        <Unicode>plest.</Unicode>
                    </TextEquiv>
                    <TextStyle fontFamily="Times New Roman" fontSize="10.0" italic="true"/>
                </Word>
                <TextEquiv>
                    <Unicode>racionis, verbi gracia est, cest, plest.</Unicode>
                </TextEquiv>
            </TextLine>
            <TextEquiv>
                <Unicode>(H 91 CO 18) Item quando aliqua sillaba pronunciatur quasi
cum aspiracione, illa sillaba debet scribi cum s et t in loco aspi¬
racionis, verbi gracia est, cest, plest.</Unicode>
            </TextEquiv>
        </TextRegion>
        <TextRegion type="paragraph" id="r_4_1" custom="readingOrder {index:4;}">
            <Coords points="946,329 1508,329 1508,409 946,409"/>
            <TextLine id="tl_10" primaryLanguage="German" custom="readingOrder {index:0;}">
                <Coords points="987,330 1507,330 1507,360 987,360"/>
                <Baseline points="987,359 995,359 1053,359 1087,353 1182,352 1298,354 1331,354 1379,352 1409,352 1507,351"/>
                <Word id="w_w2aab1b7b2b1b1ab1" language="German" custom="readingOrder {index:0;}">
                    <Coords points="987,332 1015,332 1015,359 987,359"/>
                    <TextEquiv>
                        <Unicode>(II</Unicode>
                    </TextEquiv>
                    <TextStyle fontFamily="Times New Roman" fontSize="8.0"/>
                </Word>
                <Word id="w_w2aab1b7b2b1b1b1b1" language="German" custom="readingOrder {index:1;}">
                    <Coords points="1021,333 1053,333 1053,359 1021,359"/>
                    <TextEquiv>
                        <Unicode>35)</Unicode>
                    </TextEquiv>
                    <TextStyle fontFamily="Times New Roman" fontSize="6.5"/>
                </Word>
                <Word id="w_w2aab1b7b2b1b1b1b9" language="German" custom="readingOrder {index:2;}">
                    <Coords points="1059,332 1087,332 1087,353 1059,353"/>
                    <TextEquiv>
                        <Unicode>Et</Unicode>
                    </TextEquiv>
                    <TextStyle fontFamily="Times New Roman" fontSize="6.5"/>
                </Word>
                <Word id="w_w2aab1b7b2b1b1b1c15" language="German" custom="readingOrder {index:3;}">
                    <Coords points="1094,337 1182,337 1182,358 1094,358"/>
                    <TextEquiv>
                        <Unicode>quant-sr</Unicode>
                    </TextEquiv>
                    <TextStyle fontFamily="Times New Roman" fontSize="6.5"/>
                </Word>
                <Word id="w_w2aab1b7b2b1b1b1c33" language="German" custom="readingOrder {index:4;}">
                    <Coords points="1192,333 1298,333 1298,360 1192,360"/>
                    <TextEquiv>
                        <Unicode>estjoynt</Unicode>
                    </TextEquiv>
                    <TextStyle fontFamily="Times New Roman" fontSize="6.5"/>
                </Word>
                <Word id="w_w2aab1b7b2b1b1b1c51" language="German" custom="readingOrder {index:5;}">
                    <Coords points="1309,332 1361,332 1361,358 1309,358"/>
                    <TextEquiv>
                        <Unicode>[ala</Unicode>
                    </TextEquiv>
                    <TextStyle fontFamily="Times New Roman" fontSize="6.5"/>
                </Word>
                <Word id="w_w2aab1b7b2b1b1b2b1" language="English" custom="readingOrder {index:6;}">
                    <Coords points="1369,332 1387,332 1387,357 1369,357"/>
                    <TextEquiv>
                        <Unicode>t]</Unicode>
                    </TextEquiv>
                    <TextStyle fontFamily="Times New Roman" fontSize="8.0" italic="true"/>
                </Word>
                <Word id="w_w2aab1b7b2b1b1b4b1" language="German" custom="readingOrder {index:7;}">
                    <Coords points="1397,330 1432,330 1432,352 1397,352"/>
                    <TextEquiv>
                        <Unicode>eie</Unicode>
                    </TextEquiv>
                    <TextStyle fontFamily="Times New Roman" fontSize="6.5"/>
                </Word>
                <Word id="w_w2aab1b7b2b1b1b5b1" language="English" custom="readingOrder {index:8;}">
                    <Coords points="1439,337 1507,337 1507,351 1439,351"/>
                    <TextEquiv>
                        <Unicode>avéra</Unicode>
                    </TextEquiv>
                    <TextStyle fontFamily="Times New Roman" fontSize="6.5"/>
                </Word>
                <TextEquiv>
                    <Unicode>(H 35) Et quant s est joynt [a la t] ele avera</Unicode>
                </TextEquiv>
            </TextLine>
            <TextLine id="tl_11" primaryLanguage="English" custom="readingOrder {index:1;}">
                <Coords points="948,357 1506,357 1506,384 948,384"/>
                <Baseline points="948,377 969,378 1040,379 1069,378 1117,382 1147,380 1250,380 1302,380 1361,379 1506,377"/>
                <Word id="w_w2aab1b7b2b1b3ab1" language="German" custom="readingOrder {index:0;}">
                    <Coords points="948,357 969,357 969,378 948,378"/>
                    <TextEquiv>
                        <Unicode>le</Unicode>
                    </TextEquiv>
                    <TextStyle fontFamily="Times New Roman" fontSize="6.5"/>
                </Word>
                <Word id="w_w2aab1b7b2b1b3ab7" language="German" custom="readingOrder {index:1;}">
                    <Coords points="984,366 1040,366 1040,379 984,379"/>
                    <TextEquiv>
                        <Unicode>sonn</Unicode>
                    </TextEquiv>
                    <TextStyle fontFamily="Times New Roman" fontSize="6.5"/>
                </Word>
                <Word id="w_w2aab1b7b2b1b3ac17" language="German" custom="readingOrder {index:2;}">
                    <Coords points="1055,359 1083,359 1083,379 1055,379"/>
                    <TextEquiv>
                        <Unicode>de</Unicode>
                    </TextEquiv>
                    <TextStyle fontFamily="Times New Roman" fontSize="6.5"/>
                </Word>
                <Word id="w_w2aab1b7b2b1b3b1b1" language="English" custom="readingOrder {index:3;}">
                    <Coords points="1095,361 1117,361 1117,382 1095,382"/>
                    <TextEquiv>
                        <Unicode>/r,</Unicode>
                    </TextEquiv>
                    <TextStyle fontFamily="Times New Roman" fontSize="6.5"/>
                </Word>
                <Word id="w_w2aab1b7b2b1b3b1b9" language="English" custom="readingOrder {index:4;}">
                    <Coords points="1136,366 1199,366 1199,380 1136,380"/>
                    <TextEquiv>
                        <Unicode>corne</Unicode>
                    </TextEquiv>
                    <TextStyle fontFamily="Times New Roman" fontSize="6.5"/>
                </Word>
                <Word id="w_w2aab1b7b2b1b3b2b1" language="English" custom="readingOrder {index:5;}">
                    <Coords points="1215,362 1250,362 1250,380 1215,380"/>
                    <TextEquiv>
                        <Unicode>est</Unicode>
                    </TextEquiv>
                    <TextStyle fontFamily="Times New Roman" fontSize="6.5" italic="true"/>
                </Word>
                <Word id="w_w2aab1b7b2b1b3b2b9" language="English" custom="readingOrder {index:6;}">
                    <Coords points="1260,360 1324,360 1324,384 1260,384"/>
                    <TextEquiv>
                        <Unicode>j&gt;lesè</Unicode>
                    </TextEquiv>
                    <TextStyle fontFamily="Times New Roman" fontSize="6.5" italic="true"/>
                </Word>
                <Word id="w_w2aab1b7b2b1b3b4b1" language="German" custom="readingOrder {index:7;}">
                    <Coords points="1337,362 1428,362 1428,379 1337,379"/>
                    <TextEquiv>
                        <Unicode>serront</Unicode>
                    </TextEquiv>
                    <TextStyle fontFamily="Times New Roman" fontSize="6.5"/>
                </Word>
                <Word id="w_w2aab1b7b2b1b3b5b1" language="English" custom="readingOrder {index:8;}">
                    <Coords points="1438,365 1506,365 1506,378 1438,378"/>
                    <TextEquiv>
                        <Unicode>sonez</Unicode>
                    </TextEquiv>
                    <TextStyle fontFamily="Times New Roman" fontSize="6.5"/>
                </Word>
                <TextEquiv>
                    <Unicode>le soun de h, come est plest serront sonez</Unicode>
                </TextEquiv>
            </TextLine>
            <TextLine id="tl_12" primaryLanguage="German" custom="readingOrder {index:2;}">
                <Coords points="947,383 1098,383 1098,408 947,408"/>
                <Baseline points="947,402 958,402 987,402 999,402 1027,399 1098,401"/>
                <Word id="w_w2aab1b7b2b1b5ab1" language="German" custom="readingOrder {index:0;}">
                    <Coords points="947,385 973,385 973,408 947,408"/>
                    <TextEquiv>
                        <Unicode>eg</Unicode>
                    </TextEquiv>
                    <TextStyle fontFamily="Times New Roman" fontSize="6.5" italic="true"/>
                </Word>
                <Word id="w_w2aab1b7b2b1b5b1b1" language="English" custom="readingOrder {index:1;}">
                    <Coords points="973,385 987,385 987,402 973,402"/>
                    <TextEquiv>
                        <Unicode>h</Unicode>
                    </TextEquiv>
                    <TextStyle fontFamily="Times New Roman" fontSize="6.5" italic="true"/>
                </Word>
                <Word id="w_w2aab1b7b2b1b5b1b5" language="English" custom="readingOrder {index:2;}">
                    <Coords points="990,385 999,385 999,402 990,402"/>
                    <TextEquiv>
                        <Unicode>t</Unicode>
                    </TextEquiv>
                    <TextStyle fontFamily="Times New Roman" fontSize="6.5" italic="true"/>
                </Word>
                <Word id="w_w2aab1b7b2b1b5b1b9" language="English" custom="readingOrder {index:3;}">
                    <Coords points="1009,385 1027,385 1027,407 1009,407"/>
                    <TextEquiv>
                        <Unicode>p&gt;</Unicode>
                    </TextEquiv>
                    <TextStyle fontFamily="Times New Roman" fontSize="6.5" italic="true"/>
                </Word>
                <Word id="w_w2aab1b7b2b1b5b1c15" language="English" custom="readingOrder {index:4;}">
                    <Coords points="1029,384 1098,384 1098,407 1029,407"/>
                    <TextEquiv>
                        <Unicode>leght.</Unicode>
                    </TextEquiv>
                    <TextStyle fontFamily="Times New Roman" fontSize="6.5" italic="true"/>
                </Word>
                <TextEquiv>
                    <Unicode>eght pleght.</Unicode>
                </TextEquiv>
            </TextLine>
            <TextEquiv>
                <Unicode>(H 35) Et quant s est joynt [a la t] ele avera
le soun de h, come est plest serront sonez
eght pleght.</Unicode>
            </TextEquiv>
        </TextRegion>
        <TextRegion type="paragraph" id="r_4_2" custom="readingOrder {index:5;}">
            <Coords points="947,416 1508,416 1508,517 947,517"/>
            <TextLine id="tl_13" primaryLanguage="English" custom="readingOrder {index:0;}">
                <Coords points="993,417 1507,417 1507,452 993,452"/>
                <Baseline points="993,450 1028,444 1085,452 1141,443 1255,444 1352,444 1458,443 1507,443"/>
                <Word id="w_w2aab1b7b2b3b1ab1" language="English" custom="readingOrder {index:0;}">
                    <Coords points="993,417 1028,417 1028,450 993,450"/>
                    <TextEquiv>
                        <Unicode>(H</Unicode>
                    </TextEquiv>
                    <TextStyle fontFamily="Times New Roman" fontSize="8.0"/>
                </Word>
                <Word id="w_w2aab1b7b2b3b1ab7" language="English" custom="readingOrder {index:1;}">
                    <Coords points="1040,417 1085,417 1085,452 1040,452"/>
                    <TextEquiv>
                        <Unicode>30)</Unicode>
                    </TextEquiv>
                    <TextStyle fontFamily="Times New Roman" fontSize="8.0"/>
                </Word>
                <Word id="w_w2aab1b7b2b3b1ac15" language="English" custom="readingOrder {index:2;}">
                    <Coords points="1105,419 1141,419 1141,443 1105,443"/>
                    <TextEquiv>
                        <Unicode>Et</Unicode>
                    </TextEquiv>
                    <TextStyle fontFamily="Times New Roman" fontSize="8.0"/>
                </Word>
                <Word id="w_w2aab1b7b2b3b1ac21" language="English" custom="readingOrder {index:3;}">
                    <Coords points="1160,419 1255,419 1255,444 1160,444"/>
                    <TextEquiv>
                        <Unicode>saches</Unicode>
                    </TextEquiv>
                    <TextStyle fontFamily="Times New Roman" fontSize="8.0"/>
                </Word>
                <Word id="w_w2aab1b7b2b3b1ac35" language="English" custom="readingOrder {index:4;}">
                    <Coords points="1275,419 1352,419 1352,452 1275,452"/>
                    <TextEquiv>
                        <Unicode>qu’en</Unicode>
                    </TextEquiv>
                    <TextStyle fontFamily="Times New Roman" fontSize="8.0"/>
                </Word>
                <Word id="w_w2aab1b7b2b3b1ac47" language="English" custom="readingOrder {index:5;}">
                    <Coords points="1363,418 1458,418 1458,443 1363,443"/>
                    <TextEquiv>
                        <Unicode>verbes</Unicode>
                    </TextEquiv>
                    <TextStyle fontFamily="Times New Roman" fontSize="8.0"/>
                </Word>
                <Word id="w_w2aab1b7b2b3b1ac61" language="English" custom="readingOrder {index:6;}">
                    <Coords points="1473,419 1507,419 1507,443 1473,443"/>
                    <TextEquiv>
                        <Unicode>de</Unicode>
                    </TextEquiv>
                    <TextStyle fontFamily="Times New Roman" fontSize="8.0"/>
                </Word>
                <TextEquiv>
                    <Unicode>(H 30) Et saches qu’en verbes de</Unicode>
                </TextEquiv>
                <TextStyle fontFamily="Times New Roman" fontSize="8.0"/>
            </TextLine>
            <TextLine id="tl_14" primaryLanguage="German" custom="readingOrder {index:1;}">
                <Coords points="949,453 1507,453 1507,489 949,489"/>
                <Baseline points="949,488 966,488 1166,479 1213,479 1339,479 1507,479"/>
                <Word id="w_w2aab1b7b2b3b3ab1" language="German" custom="readingOrder {index:0;}">
                    <Coords points="949,458 1060,458 1060,488 949,488"/>
                    <TextEquiv>
                        <Unicode>present</Unicode>
                    </TextEquiv>
                    <TextStyle fontFamily="Times New Roman" fontSize="8.0"/>
                </Word>
                <Word id="w_w2aab1b7b2b3b3b1b1" language="English" custom="readingOrder {index:1;}">
                    <Coords points="1079,458 1166,458 1166,488 1079,488"/>
                    <TextEquiv>
                        <Unicode>temps</Unicode>
                    </TextEquiv>
                    <TextStyle fontFamily="Times New Roman" fontSize="8.0"/>
                </Word>
                <Word id="w_w2aab1b7b2b3b3b1c13" language="English" custom="readingOrder {index:2;}">
                    <Coords points="1186,458 1213,458 1213,479 1186,479"/>
                    <TextEquiv>
                        <Unicode>et</Unicode>
                    </TextEquiv>
                    <TextStyle fontFamily="Times New Roman" fontSize="8.0"/>
                </Word>
                <Word id="w_w2aab1b7b2b3b3b1c19" language="English" custom="readingOrder {index:3;}">
                    <Coords points="1238,458 1339,458 1339,489 1238,489"/>
                    <TextEquiv>
                        <Unicode>pretert</Unicode>
                    </TextEquiv>
                    <TextStyle fontFamily="Times New Roman" fontSize="8.0"/>
                </Word>
                <Word id="w_w2aab1b7b2b3b3b1c35" language="English" custom="readingOrder {index:4;}">
                    <Coords points="1358,454 1507,454 1507,479 1358,479"/>
                    <TextEquiv>
                        <Unicode>escriverez</Unicode>
                    </TextEquiv>
                    <TextStyle fontFamily="Times New Roman" fontSize="8.0"/>
                </Word>
                <TextEquiv>
                    <Unicode>present temps et pretert escriverez</Unicode>
                </TextEquiv>
            </TextLine>
            <TextLine id="tl_15" primaryLanguage="English" custom="readingOrder {index:2;}">
                <Coords points="948,492 1168,492 1168,516 948,516"/>
                <Baseline points="948,515 962,515 995,514 1168,516"/>
                <Word id="w_w2aab1b7b2b3b5ab1" language="English" custom="readingOrder {index:0;}">
                    <Coords points="948,499 962,499 962,515 948,515"/>
                    <TextEquiv>
                        <Unicode>z</Unicode>
                    </TextEquiv>
                    <TextStyle fontFamily="Times New Roman" fontSize="8.0"/>
                </Word>
                <Word id="w_w2aab1b7b2b3b5ab5" language="English" custom="readingOrder {index:1;}">
                    <Coords points="982,493 1057,493 1057,514 982,514"/>
                    <TextEquiv>
                        <Unicode>corne</Unicode>
                    </TextEquiv>
                    <TextStyle fontFamily="Times New Roman" fontSize="8.0"/>
                </Word>
                <Word id="w_w2aab1b7b2b3b5b1b1" language="English" custom="readingOrder {index:2;}">
                    <Coords points="1077,493 1168,493 1168,516 1077,516"/>
                    <TextEquiv>
                        <Unicode>batist.</Unicode>
                    </TextEquiv>
                    <TextStyle fontFamily="Times New Roman" fontSize="8.0" italic="true"/>
                </Word>
                <TextEquiv>
                    <Unicode>s come batist.</Unicode>
                </TextEquiv>
            </TextLine>
            <TextEquiv>
                <Unicode>(H 30) Et saches qu’en verbes de
present temps et pretert escriverez
s come batist.</Unicode>
            </TextEquiv>
        </TextRegion>
        <TextRegion type="paragraph" id="r_4_3" custom="readingOrder {index:6;}">
            <Coords points="947,572 1509,572 1509,819 947,819"/>
            <TextLine id="tl_16" primaryLanguage="English" custom="readingOrder {index:0;}">
                <Coords points="997,573 1508,573 1508,607 997,607"/>
                <Baseline points="997,604 1035,597 1093,607 1193,597 1387,596 1508,598"/>
                <Word id="w_w2aab1b7b2b5b1ab1" language="English" custom="readingOrder {index:0;}">
                    <Coords points="997,573 1035,573 1035,604 997,604"/>
                    <TextEquiv>
                        <Unicode>(H</Unicode>
                    </TextEquiv>
                    <TextStyle fontFamily="Times New Roman" fontSize="8.0"/>
                </Word>
                <Word id="w_w2aab1b7b2b5b1ab7" language="English" custom="readingOrder {index:1;}">
                    <Coords points="1046,575 1093,575 1093,607 1046,607"/>
                    <TextEquiv>
                        <Unicode>31)</Unicode>
                    </TextEquiv>
                    <TextStyle fontFamily="Times New Roman" fontSize="8.0"/>
                </Word>
                <Word id="w_w2aab1b7b2b5b1ac15" language="English" custom="readingOrder {index:2;}">
                    <Coords points="1132,576 1193,576 1193,598 1132,598"/>
                    <TextEquiv>
                        <Unicode>Mes</Unicode>
                    </TextEquiv>
                    <TextStyle fontFamily="Times New Roman" fontSize="8.0"/>
                </Word>
                <Word id="w_w2aab1b7b2b5b1ac23" language="English" custom="readingOrder {index:3;}">
                    <Coords points="1232,573 1387,573 1387,606 1232,606"/>
                    <TextEquiv>
                        <Unicode>ente[n]dez</Unicode>
                    </TextEquiv>
                    <TextStyle fontFamily="Times New Roman" fontSize="8.0"/>
                </Word>
                <Word id="w_w2aab1b7b2b5b1ac45" language="English" custom="readingOrder {index:4;}">
                    <Coords points="1425,578 1508,578 1508,605 1425,605"/>
                    <TextEquiv>
                        <Unicode>quant</Unicode>
                    </TextEquiv>
                    <TextStyle fontFamily="Times New Roman" fontSize="8.0"/>
                </Word>
                <TextEquiv>
                    <Unicode>(H 31) Mes ente[n]dez quant</Unicode>
                </TextEquiv>
                <TextStyle fontFamily="Times New Roman" fontSize="8.0"/>
            </TextLine>
            <TextLine id="tl_17" primaryLanguage="English" custom="readingOrder {index:1;}">
                <Coords points="949,607 1506,607 1506,641 949,641"/>
                <Baseline points="949,635 1082,635 1141,635 1195,634 1304,634 1360,634 1440,634 1506,635"/>
                <Word id="w_w2aab1b7b2b5b3ab1" language="English" custom="readingOrder {index:0;}">
                    <Coords points="949,610 1097,610 1097,635 949,635"/>
                    <TextEquiv>
                        <Unicode>escriverez</Unicode>
                    </TextEquiv>
                    <TextStyle fontFamily="Times New Roman" fontSize="8.0"/>
                </Word>
                <Word id="w_w2aab1b7b2b5b3b1b1" language="English" custom="readingOrder {index:1;}">
                    <Coords points="1128,620 1141,620 1141,635 1128,635"/>
                    <TextEquiv>
                        <Unicode>s</Unicode>
                    </TextEquiv>
                    <TextStyle fontFamily="Times New Roman" fontSize="8.0" italic="true"/>
                </Word>
                <Word id="w_w2aab1b7b2b5b3b2b3" language="English" custom="readingOrder {index:2;}">
                    <Coords points="1170,613 1195,613 1195,636 1170,636"/>
                    <TextEquiv>
                        <Unicode>et</Unicode>
                    </TextEquiv>
                    <TextStyle fontFamily="Times New Roman" fontSize="8.0"/>
                </Word>
                <Word id="w_w2aab1b7b2b5b3b2b9" language="English" custom="readingOrder {index:3;}">
                    <Coords points="1223,613 1304,613 1304,641 1223,641"/>
                    <TextEquiv>
                        <Unicode>quant</Unicode>
                    </TextEquiv>
                    <TextStyle fontFamily="Times New Roman" fontSize="8.0"/>
                </Word>
                <Word id="w_w2aab1b7b2b5b3b2c21" language="English" custom="readingOrder {index:4;}">
                    <Coords points="1327,618 1360,618 1360,634 1327,634"/>
                    <TextEquiv>
                        <Unicode>ne</Unicode>
                    </TextEquiv>
                    <TextStyle fontFamily="Times New Roman" fontSize="8.0"/>
                </Word>
                <Word id="w_w2aab1b7b2b5b3b2c27" language="English" custom="readingOrder {index:5;}">
                    <Coords points="1380,608 1440,608 1440,634 1380,634"/>
                    <TextEquiv>
                        <Unicode>mie.</Unicode>
                    </TextEquiv>
                    <TextStyle fontFamily="Times New Roman" fontSize="8.0"/>
                </Word>
                <Word id="w_w2aab1b7b2b5b3b2c37" language="English" custom="readingOrder {index:6;}">
                    <Coords points="1478,612 1506,612 1506,635 1478,635"/>
                    <TextEquiv>
                        <Unicode>A</Unicode>
                    </TextEquiv>
                    <TextStyle fontFamily="Times New Roman" fontSize="8.0"/>
                </Word>
                <TextEquiv>
                    <Unicode>escriverez s et quant ne mie. A</Unicode>
                </TextEquiv>
            </TextLine>
            <TextLine id="tl_18" primaryLanguage="English" custom="readingOrder {index:2;}">
                <Coords points="950,644 1506,644 1506,678 950,678"/>
                <Baseline points="950,670 967,670 1213,670 1267,669 1334,669 1411,668 1460,669 1506,670"/>
                <Word id="w_w2aab1b7b2b5b5ab1" language="English" custom="readingOrder {index:0;}">
                    <Coords points="950,644 1085,644 1085,678 950,678"/>
                    <TextEquiv>
                        <Unicode>deprimes</Unicode>
                    </TextEquiv>
                    <TextStyle fontFamily="Times New Roman" fontSize="8.0"/>
                </Word>
                <Word id="w_w2aab1b7b2b5b5b1b1" language="English" custom="readingOrder {index:1;}">
                    <Coords points="1107,646 1213,646 1213,670 1107,670"/>
                    <TextEquiv>
                        <Unicode>sachetz</Unicode>
                    </TextEquiv>
                    <TextStyle fontFamily="Times New Roman" fontSize="8.0"/>
                </Word>
                <Word id="w_w2aab1b7b2b5b5b1c17" language="English" custom="readingOrder {index:2;}">
                    <Coords points="1233,653 1267,653 1267,678 1233,678"/>
                    <TextEquiv>
                        <Unicode>qe</Unicode>
                    </TextEquiv>
                    <TextStyle fontFamily="Times New Roman" fontSize="8.0"/>
                </Word>
                <Word id="w_w2aab1b7b2b5b5b1c23" language="English" custom="readingOrder {index:3;}">
                    <Coords points="1286,653 1334,653 1334,678 1286,678"/>
                    <TextEquiv>
                        <Unicode>par</Unicode>
                    </TextEquiv>
                    <TextStyle fontFamily="Times New Roman" fontSize="8.0"/>
                </Word>
                <Word id="w_w2aab1b7b2b5b5b1c31" language="English" custom="readingOrder {index:4;}">
                    <Coords points="1354,647 1426,647 1426,669 1354,669"/>
                    <TextEquiv>
                        <Unicode>entre</Unicode>
                    </TextEquiv>
                    <TextStyle fontFamily="Times New Roman" fontSize="8.0"/>
                </Word>
                <Word id="w_w2aab1b7b2b5b5b2b1" language="English" custom="readingOrder {index:5;}">
                    <Coords points="1448,648 1460,648 1460,669 1448,669"/>
                    <TextEquiv>
                        <Unicode>t</Unicode>
                    </TextEquiv>
                    <TextStyle fontFamily="Times New Roman" fontSize="8.0" italic="true"/>
                </Word>
                <Word id="w_w2aab1b7b2b5b5b3b3" language="English" custom="readingOrder {index:6;}">
                    <Coords points="1479,649 1506,649 1506,670 1479,670"/>
                    <TextEquiv>
                        <Unicode>et</Unicode>
                    </TextEquiv>
                    <TextStyle fontFamily="Times New Roman" fontSize="8.0"/>
                </Word>
                <TextEquiv>
                    <Unicode>deprimes sachetz qe par entre t et</Unicode>
                </TextEquiv>
            </TextLine>
            <TextLine id="tl_19" primaryLanguage="English" custom="readingOrder {index:3;}">
                <Coords points="948,680 1505,680 1505,710 948,710"/>
                <Baseline points="948,704 963,704 1002,705 1043,704 1078,704 1118,704 1295,704 1348,704 1456,703 1505,704"/>
                <Word id="w_w2aab1b7b2b5b7ab1" language="English" custom="readingOrder {index:0;}">
                    <Coords points="948,683 970,683 970,710 948,710"/>
                    <TextEquiv>
                        <Unicode>e,</Unicode>
                    </TextEquiv>
                    <TextStyle fontFamily="Times New Roman" fontSize="8.0" italic="true"/>
                </Word>
                <Word id="w_w2aab1b7b2b5b7b1b1" language="English" custom="readingOrder {index:1;}">
                    <Coords points="991,683 1008,683 1008,708 991,708"/>
                    <TextEquiv>
                        <Unicode>i,</Unicode>
                    </TextEquiv>
                    <TextStyle fontFamily="Times New Roman" fontSize="8.0" italic="true"/>
                </Word>
                <Word id="w_w2aab1b7b2b5b7b2b1" language="English" custom="readingOrder {index:2;}">
                    <Coords points="1029,690 1043,690 1043,704 1029,704"/>
                    <TextEquiv>
                        <Unicode>o</Unicode>
                    </TextEquiv>
                    <TextStyle fontFamily="Times New Roman" fontSize="8.0" italic="true"/>
                </Word>
                <Word id="w_w2aab1b7b2b5b7b3b3" language="English" custom="readingOrder {index:3;}">
                    <Coords points="1064,686 1091,686 1091,705 1064,705"/>
                    <TextEquiv>
                        <Unicode>et</Unicode>
                    </TextEquiv>
                    <TextStyle fontFamily="Times New Roman" fontSize="8.0"/>
                </Word>
                <Word id="w_w2aab1b7b2b5b7b4b1" language="English" custom="readingOrder {index:4;}">
                    <Coords points="1111,691 1128,691 1128,704 1111,704"/>
                    <TextEquiv>
                        <Unicode>tt</Unicode>
                    </TextEquiv>
                    <TextStyle fontFamily="Times New Roman" fontSize="8.0" italic="true"/>
                </Word>
                <Word id="w_w2aab1b7b2b5b7b5b3" language="English" custom="readingOrder {index:5;}">
                    <Coords points="1149,682 1295,682 1295,705 1149,705"/>
                    <TextEquiv>
                        <Unicode>escriverez</Unicode>
                    </TextEquiv>
                    <TextStyle fontFamily="Times New Roman" fontSize="8.0"/>
                </Word>
                <Word id="w_w2aab1b7b2b5b7b5c25" language="English" custom="readingOrder {index:6;}">
                    <Coords points="1315,690 1348,690 1348,704 1315,704"/>
                    <TextEquiv>
                        <Unicode>en</Unicode>
                    </TextEquiv>
                    <TextStyle fontFamily="Times New Roman" fontSize="8.0"/>
                </Word>
                <Word id="w_w2aab1b7b2b5b7b5c31" language="English" custom="readingOrder {index:7;}">
                    <Coords points="1362,681 1456,681 1456,703 1362,703"/>
                    <TextEquiv>
                        <Unicode>verbes</Unicode>
                    </TextEquiv>
                    <TextStyle fontFamily="Times New Roman" fontSize="8.0"/>
                </Word>
                <Word id="w_w2aab1b7b2b5b7b5c45" language="English" custom="readingOrder {index:8;}">
                    <Coords points="1470,682 1505,682 1505,704 1470,704"/>
                    <TextEquiv>
                        <Unicode>de</Unicode>
                    </TextEquiv>
                    <TextStyle fontFamily="Times New Roman" fontSize="8.0"/>
                </Word>
                <TextEquiv>
                    <Unicode>e, i, o et u escriverez en verbes de</Unicode>
                </TextEquiv>
            </TextLine>
            <TextLine id="tl_20" primaryLanguage="English" custom="readingOrder {index:4;}">
                <Coords points="948,715 1508,715 1508,751 948,751"/>
                <Baseline points="948,751 964,751 1162,742 1209,742 1320,740 1346,741 1508,742"/>
                <Word id="w_w2aab1b7b2b5b9ab1" language="German" custom="readingOrder {index:0;}">
                    <Coords points="948,720 1057,720 1057,751 948,751"/>
                    <TextEquiv>
                        <Unicode>present</Unicode>
                    </TextEquiv>
                    <TextStyle fontFamily="Times New Roman" fontSize="8.0"/>
                </Word>
                <Word id="w_w2aab1b7b2b5b9b1b1" language="English" custom="readingOrder {index:1;}">
                    <Coords points="1076,720 1162,720 1162,751 1076,751"/>
                    <TextEquiv>
                        <Unicode>temps</Unicode>
                    </TextEquiv>
                    <TextStyle fontFamily="Times New Roman" fontSize="8.0"/>
                </Word>
                <Word id="w_w2aab1b7b2b5b9b1c13" language="English" custom="readingOrder {index:2;}">
                    <Coords points="1183,720 1209,720 1209,742 1183,742"/>
                    <TextEquiv>
                        <Unicode>et</Unicode>
                    </TextEquiv>
                    <TextStyle fontFamily="Times New Roman" fontSize="8.0"/>
                </Word>
                <Word id="w_w2aab1b7b2b5b9b1c19" language="English" custom="readingOrder {index:3;}">
                    <Coords points="1221,718 1320,718 1320,750 1221,750"/>
                    <TextEquiv>
                        <Unicode>pretert</Unicode>
                    </TextEquiv>
                    <TextStyle fontFamily="Times New Roman" fontSize="8.0"/>
                </Word>
                <Word id="w_w2aab1b7b2b5b9b1c35" language="English" custom="readingOrder {index:4;}">
                    <Coords points="1334,716 1408,716 1408,741 1334,741"/>
                    <TextEquiv>
                        <Unicode>corne</Unicode>
                    </TextEquiv>
                    <TextStyle fontFamily="Times New Roman" fontSize="8.0"/>
                </Word>
                <Word id="w_w2aab1b7b2b5b9b2b1" language="English" custom="readingOrder {index:5;}">
                    <Coords points="1421,716 1508,716 1508,742 1421,742"/>
                    <TextEquiv>
                        <Unicode>batist</Unicode>
                    </TextEquiv>
                    <TextStyle fontFamily="Times New Roman" fontSize="8.0" italic="true"/>
                </Word>
                <TextEquiv>
                    <Unicode>present temps et pretert corne batist</Unicode>
                </TextEquiv>
            </TextLine>
            <TextLine id="tl_21" primaryLanguage="English" custom="readingOrder {index:5;}">
                <Coords points="949,753 1505,753 1505,784 949,784"/>
                <Baseline points="949,776 990,777 1033,777 1065,777 1188,777 1229,777 1251,776 1361,777 1382,781 1417,775 1505,777"/>
                <Word id="w_w2aab1b7b2b5c11ab1" language="English" custom="readingOrder {index:0;}">
                    <Coords points="949,757 999,757 999,778 949,778"/>
                    <TextEquiv>
                        <Unicode>etc.</Unicode>
                    </TextEquiv>
                    <TextStyle fontFamily="Times New Roman" fontSize="8.0"/>
                </Word>
                <Word id="w_w2aab1b7b2b5c11b1b1" language="English" custom="readingOrder {index:1;}">
                    <Coords points="1019,762 1033,762 1033,777 1019,777"/>
                    <TextEquiv>
                        <Unicode>e</Unicode>
                    </TextEquiv>
                    <TextStyle fontFamily="Times New Roman" fontSize="8.0" italic="true"/>
                </Word>
                <Word id="w_w2aab1b7b2b5c11b2b3" language="English" custom="readingOrder {index:2;}">
                    <Coords points="1052,762 1125,762 1125,777 1052,777"/>
                    <TextEquiv>
                        <Unicode>corne</Unicode>
                    </TextEquiv>
                    <TextStyle fontFamily="Times New Roman" fontSize="8.0"/>
                </Word>
                <Word id="w_w2aab1b7b2b5c11b3b1" language="English" custom="readingOrder {index:3;}">
                    <Coords points="1147,755 1194,755 1194,782 1147,782"/>
                    <TextEquiv>
                        <Unicode>est,</Unicode>
                    </TextEquiv>
                    <TextStyle fontFamily="Times New Roman" fontSize="8.0" italic="true"/>
                </Word>
                <Word id="w_w2aab1b7b2b5c11b4b1" language="English" custom="readingOrder {index:4;}">
                    <Coords points="1218,755 1229,755 1229,777 1218,777"/>
                    <TextEquiv>
                        <Unicode>i</Unicode>
                    </TextEquiv>
                    <TextStyle fontFamily="Times New Roman" fontSize="8.0" italic="true"/>
                </Word>
                <Word id="w_w2aab1b7b2b5c11b5b3" language="English" custom="readingOrder {index:5;}">
                    <Coords points="1238,754 1313,754 1313,784 1238,784"/>
                    <TextEquiv>
                        <Unicode>come</Unicode>
                    </TextEquiv>
                    <TextStyle fontFamily="Times New Roman" fontSize="8.0"/>
                </Word>
                <Word id="w_w2aab1b7b2b5c11b6b1" language="English" custom="readingOrder {index:6;}">
                    <Coords points="1320,754 1361,754 1361,784 1320,784"/>
                    <TextEquiv>
                        <Unicode>fis</Unicode>
                    </TextEquiv>
                    <TextStyle fontFamily="Times New Roman" fontSize="8.0" italic="true"/>
                </Word>
                <Word id="w_w2aab1b7b2b5c11b6b9" language="English" custom="readingOrder {index:7;}">
                    <Coords points="1365,757 1382,757 1382,781 1365,781"/>
                    <TextEquiv>
                        <Unicode>t,</Unicode>
                    </TextEquiv>
                    <TextStyle fontFamily="Times New Roman" fontSize="8.0" italic="true"/>
                </Word>
                <Word id="w_w2aab1b7b2b5c11b6c15" language="English" custom="readingOrder {index:8;}">
                    <Coords points="1403,760 1417,760 1417,775 1403,775"/>
                    <TextEquiv>
                        <Unicode>o</Unicode>
                    </TextEquiv>
                    <TextStyle fontFamily="Times New Roman" fontSize="8.0" italic="true"/>
                </Word>
                <Word id="w_w2aab1b7b2b5c11b7b3" language="English" custom="readingOrder {index:9;}">
                    <Coords points="1428,760 1505,760 1505,777 1428,777"/>
                    <TextEquiv>
                        <Unicode>corne</Unicode>
                    </TextEquiv>
                    <TextStyle fontFamily="Times New Roman" fontSize="8.0"/>
                </Word>
                <TextEquiv>
                    <Unicode>etc. e come est, i come fist, o come</Unicode>
                </TextEquiv>
            </TextLine>
            <TextLine id="tl_22" primaryLanguage="German" custom="readingOrder {index:6;}">
                <Coords points="948,789 1289,789 1289,818 948,818"/>
                <Baseline points="948,812 1003,813 1047,813 1080,813 1194,813 1289,814"/>
                <Word id="w_w2aab1b7b2b5c13ab1" language="German" custom="readingOrder {index:0;}">
                    <Coords points="948,791 1009,791 1009,818 948,818"/>
                    <TextEquiv>
                        <Unicode>tost,</Unicode>
                    </TextEquiv>
                    <TextStyle fontFamily="Times New Roman" fontSize="8.0" italic="true"/>
                </Word>
                <Word id="w_w2aab1b7b2b5c13b1b1" language="English" custom="readingOrder {index:1;}">
                    <Coords points="1029,797 1047,797 1047,813 1029,813"/>
                    <TextEquiv>
                        <Unicode>u</Unicode>
                    </TextEquiv>
                    <TextStyle fontFamily="Times New Roman" fontSize="8.0" italic="true"/>
                </Word>
                <Word id="w_w2aab1b7b2b5c13b2b3" language="English" custom="readingOrder {index:2;}">
                    <Coords points="1067,790 1143,790 1143,814 1067,814"/>
                    <TextEquiv>
                        <Unicode>corne</Unicode>
                    </TextEquiv>
                    <TextStyle fontFamily="Times New Roman" fontSize="8.0"/>
                </Word>
                <Word id="w_w2aab1b7b2b5c13b3b1" language="German" custom="readingOrder {index:3;}">
                    <Coords points="1163,790 1222,790 1222,813 1163,813"/>
                    <TextEquiv>
                        <Unicode>tust</Unicode>
                    </TextEquiv>
                    <TextStyle fontFamily="Times New Roman" fontSize="8.0" italic="true"/>
                </Word>
                <Word id="w_w2aab1b7b2b5c13b5b1" language="English" custom="readingOrder {index:4;}">
                    <Coords points="1240,791 1289,791 1289,814 1240,814"/>
                    <TextEquiv>
                        <Unicode>etc.</Unicode>
                    </TextEquiv>
                    <TextStyle fontFamily="Times New Roman" fontSize="8.0"/>
                </Word>
                <TextEquiv>
                    <Unicode>tost, u come lust etc.</Unicode>
                </TextEquiv>
            </TextLine>
            <TextEquiv>
                <Unicode>(H 31) Mes ente[n]dez quant
escriverez s et quant ne mie. A
deprimes sachetz qe par entre t et
e, i, o et u escriverez en verbes de
present temps et pretert corne batist
etc. e come est, i come fist, o come
tost, u come lust etc.</Unicode>
            </TextEquiv>
        </TextRegion>
        <TextRegion type="paragraph" id="r_4_4" custom="readingOrder {index:7;}">
            <Coords points="944,860 1506,860 1506,1068 944,1068"/>
            <TextLine id="tl_23" primaryLanguage="English" custom="readingOrder {index:0;}">
                <Coords points="992,861 1504,861 1504,894 992,894"/>
                <Baseline points="992,893 1002,893 1076,887 1141,894 1197,887 1231,886 1272,886 1371,887 1503,881"/>
                <Word id="w_w2aab1b7b2b7b1ab1" language="English" custom="readingOrder {index:0;}">
                    <Coords points="992,861 1031,861 1031,893 992,893"/>
                    <TextEquiv>
                        <Unicode>(II</Unicode>
                    </TextEquiv>
                    <TextStyle fontFamily="Times New Roman" fontSize="8.5" bold="true"/>
                </Word>
                <Word id="w_w2aab1b7b2b7b1b1b1" language="English" custom="readingOrder {index:1;}">
                    <Coords points="1041,868 1076,868 1076,893 1041,893"/>
                    <TextEquiv>
                        <Unicode>32</Unicode>
                    </TextEquiv>
                    <TextStyle fontFamily="Times New Roman" fontSize="8.0"/>
                </Word>
                <Word id="w_w2aab1b7b2b7b1b1b7" language="English" custom="readingOrder {index:2;}">
                    <Coords points="1095,862 1141,862 1141,894 1095,894"/>
                    <TextEquiv>
                        <Unicode>61)</Unicode>
                    </TextEquiv>
                    <TextStyle fontFamily="Times New Roman" fontSize="8.0"/>
                </Word>
                <Word id="w_w2aab1b7b2b7b1b1c15" language="English" custom="readingOrder {index:3;}">
                    <Coords points="1159,863 1197,863 1197,887 1159,887"/>
                    <TextEquiv>
                        <Unicode>Et</Unicode>
                    </TextEquiv>
                    <TextStyle fontFamily="Times New Roman" fontSize="8.0"/>
                </Word>
                <Word id="w_w2aab1b7b2b7b1b1c21" language="English" custom="readingOrder {index:4;}">
                    <Coords points="1215,870 1231,870 1231,886 1215,886"/>
                    <TextEquiv>
                        <Unicode>a</Unicode>
                    </TextEquiv>
                    <TextStyle fontFamily="Times New Roman" fontSize="8.0"/>
                </Word>
                <Word id="w_w2aab1b7b2b7b1b1c25" language="English" custom="readingOrder {index:5;}">
                    <Coords points="1243,862 1272,862 1272,886 1243,886"/>
                    <TextEquiv>
                        <Unicode>la</Unicode>
                    </TextEquiv>
                    <TextStyle fontFamily="Times New Roman" fontSize="8.0"/>
                </Word>
                <Word id="w_w2aab1b7b2b7b1b1c31" language="English" custom="readingOrder {index:6;}">
                    <Coords points="1283,862 1371,862 1371,887 1283,887"/>
                    <TextEquiv>
                        <Unicode>soithe</Unicode>
                    </TextEquiv>
                    <TextStyle fontFamily="Times New Roman" fontSize="8.0"/>
                </Word>
                <Word id="w_w2aab1b7b2b7b1b1c45" language="English" custom="readingOrder {index:7;}">
                    <Coords points="1390,862 1503,862 1503,887 1390,887"/>
                    <TextEquiv>
                        <Unicode>escrive-</Unicode>
                    </TextEquiv>
                    <TextStyle fontFamily="Times New Roman" fontSize="8.0"/>
                </Word>
                <TextEquiv>
                    <Unicode>(H 32 61) Et a la foithe escrive¬</Unicode>
                </TextEquiv>
            </TextLine>
            <TextLine id="tl_24" primaryLanguage="English" custom="readingOrder {index:1;}">
                <Coords points="946,897 1503,897 1503,926 946,926"/>
                <Baseline points="946,921 985,919 1043,921 1101,923 1185,922 1231,921 1293,921 1325,922 1455,921 1503,926"/>
                <Word id="w_w2aab1b7b2b7b3ab1" language="English" custom="readingOrder {index:0;}">
                    <Coords points="946,899 1000,899 1000,921 946,921"/>
                    <TextEquiv>
                        <Unicode>retz</Unicode>
                    </TextEquiv>
                    <TextStyle fontFamily="Times New Roman" fontSize="8.0"/>
                </Word>
                <Word id="w_w2aab1b7b2b7b3b1b1" language="English" custom="readingOrder {index:1;}">
                    <Coords points="1029,906 1043,906 1043,921 1029,921"/>
                    <TextEquiv>
                        <Unicode>j</Unicode>
                    </TextEquiv>
                    <TextStyle fontFamily="Times New Roman" fontSize="8.0"/>
                </Word>
                <Word id="w_w2aab1b7b2b7b3b2b3" language="English" custom="readingOrder {index:2;}">
                    <Coords points="1068,906 1101,906 1101,923 1068,923"/>
                    <TextEquiv>
                        <Unicode>en</Unicode>
                    </TextEquiv>
                    <TextStyle fontFamily="Times New Roman" fontSize="8.0"/>
                </Word>
                <Word id="w_w2aab1b7b2b7b3b2b9" language="English" custom="readingOrder {index:3;}">
                    <Coords points="1129,899 1185,899 1185,922 1129,922"/>
                    <TextEquiv>
                        <Unicode>lieu</Unicode>
                    </TextEquiv>
                    <TextStyle fontFamily="Times New Roman" fontSize="8.0"/>
                </Word>
                <Word id="w_w2aab1b7b2b7b3b2c19" language="English" custom="readingOrder {index:4;}">
                    <Coords points="1214,898 1248,898 1248,921 1214,921"/>
                    <TextEquiv>
                        <Unicode>de</Unicode>
                    </TextEquiv>
                    <TextStyle fontFamily="Times New Roman" fontSize="8.0"/>
                </Word>
                <Word id="w_w2aab1b7b2b7b3b3b1" language="English" custom="readingOrder {index:5;}">
                    <Coords points="1275,906 1293,906 1293,921 1275,921"/>
                    <TextEquiv>
                        <Unicode>u</Unicode>
                    </TextEquiv>
                    <TextStyle fontFamily="Times New Roman" fontSize="8.0" italic="true"/>
                </Word>
                <Word id="w_w2aab1b7b2b7b3b4b3" language="English" custom="readingOrder {index:6;}">
                    <Coords points="1312,905 1388,905 1388,923 1312,923"/>
                    <TextEquiv>
                        <Unicode>corne</Unicode>
                    </TextEquiv>
                    <TextStyle fontFamily="Times New Roman" fontSize="8.0"/>
                </Word>
                <Word id="w_w2aab1b7b2b7b3b5b1" language="English" custom="readingOrder {index:7;}">
                    <Coords points="1407,905 1494,905 1494,922 1407,922"/>
                    <TextEquiv>
                        <Unicode>ascun</Unicode>
                    </TextEquiv>
                    <TextStyle fontFamily="Times New Roman" fontSize="8.0" italic="true"/>
                </Word>
                <Word id="w_w2aab1b7b2b7b3b6b1" language="English" custom="readingOrder {index:8;}">
                    <Coords points="1498,917 1503,917 1503,926 1498,926"/>
                    <TextEquiv>
                        <Unicode>,</Unicode>
                    </TextEquiv>
                    <TextStyle fontFamily="Times New Roman" fontSize="8.0"/>
                </Word>
                <TextEquiv>
                    <Unicode>retz s en lieu de u come ascun,</Unicode>
                </TextEquiv>
            </TextLine>
            <TextLine id="tl_25" primaryLanguage="English" custom="readingOrder {index:2;}">
                <Coords points="946,933 1504,933 1504,960 946,960"/>
                <Baseline points="946,957 961,957 1138,960 1190,959 1289,958 1325,958 1504,959"/>
                <Word id="w_w2aab1b7b2b7b5ab1" language="English" custom="readingOrder {index:0;}">
                    <Coords points="946,933 1068,933 1068,958 946,958"/>
                    <TextEquiv>
                        <Unicode>blasmer</Unicode>
                    </TextEquiv>
                    <TextStyle fontFamily="Times New Roman" fontSize="8.0" italic="true"/>
                </Word>
                <Word id="w_w2aab1b7b2b7b5b1b3" language="English" custom="readingOrder {index:1;}">
                    <Coords points="1088,938 1138,938 1138,960 1088,960"/>
                    <TextEquiv>
                        <Unicode>etc.</Unicode>
                    </TextEquiv>
                    <TextStyle fontFamily="Times New Roman" fontSize="8.0"/>
                </Word>
                <Word id="w_w2aab1b7b2b7b5b1c13" language="English" custom="readingOrder {index:2;}">
                    <Coords points="1164,937 1190,937 1190,959 1164,959"/>
                    <TextEquiv>
                        <Unicode>et</Unicode>
                    </TextEquiv>
                    <TextStyle fontFamily="Times New Roman" fontSize="8.0"/>
                </Word>
                <Word id="w_w2aab1b7b2b7b5b1c19" language="English" custom="readingOrder {index:3;}">
                    <Coords points="1216,941 1289,941 1289,958 1216,958"/>
                    <TextEquiv>
                        <Unicode>serra</Unicode>
                    </TextEquiv>
                    <TextStyle fontFamily="Times New Roman" fontSize="8.0"/>
                </Word>
                <Word id="w_w2aab1b7b2b7b5b1c31" language="English" custom="readingOrder {index:4;}">
                    <Coords points="1314,942 1380,942 1380,960 1314,960"/>
                    <TextEquiv>
                        <Unicode>sone</Unicode>
                    </TextEquiv>
                    <TextStyle fontFamily="Times New Roman" fontSize="8.0"/>
                </Word>
                <Word id="w_w2aab1b7b2b7b5b2b1" language="English" custom="readingOrder {index:5;}">
                    <Coords points="1403,941 1504,941 1504,959 1403,959"/>
                    <TextEquiv>
                        <Unicode>aucun.</Unicode>
                    </TextEquiv>
                    <TextStyle fontFamily="Times New Roman" fontSize="8.0" italic="true"/>
                </Word>
                <TextEquiv>
                    <Unicode>blasmer etc. et serra sone aucun.</Unicode>
                </TextEquiv>
            </TextLine>
            <TextLine id="tl_26" primaryLanguage="English" custom="readingOrder {index:3;}">
                <Coords points="946,966 1505,966 1505,1002 946,1002"/>
                <Baseline points="946,1000 971,991 1029,993 1056,993 1111,994 1197,993 1310,993 1364,994 1465,993 1505,994"/>
                <Word id="w_w2aab1b7b2b7b7ab1" language="German" custom="readingOrder {index:0;}">
                    <Coords points="946,966 992,966 992,1000 946,1000"/>
                    <TextEquiv>
                        <Unicode>(cf.</Unicode>
                    </TextEquiv>
                    <TextStyle fontFamily="Times New Roman" fontSize="8.0"/>
                </Word>
                <Word id="w_w2aab1b7b2b7b7b1b1" language="English" custom="readingOrder {index:1;}">
                    <Coords points="1002,968 1029,968 1029,993 1002,993"/>
                    <TextEquiv>
                        <Unicode>H</Unicode>
                    </TextEquiv>
                    <TextStyle fontFamily="Times New Roman" fontSize="8.5" bold="true"/>
                </Word>
                <Word id="w_w2aab1b7b2b7b7b2b1" language="English" custom="readingOrder {index:2;}">
                    <Coords points="1042,970 1068,970 1068,1001 1042,1001"/>
                    <TextEquiv>
                        <Unicode>8)</Unicode>
                    </TextEquiv>
                    <TextStyle fontFamily="Times New Roman" fontSize="8.0"/>
                </Word>
                <Word id="w_w2aab1b7b2b7b7b3b1" language="English" custom="readingOrder {index:3;}">
                    <Coords points="1089,971 1111,971 1111,994 1089,994"/>
                    <TextEquiv>
                        <Unicode>5</Unicode>
                    </TextEquiv>
                    <TextStyle fontFamily="Times New Roman" fontSize="8.0" bold="true"/>
                </Word>
                <Word id="w_w2aab1b7b2b7b7b4b1" language="English" custom="readingOrder {index:4;}">
                    <Coords points="1113,969 1197,969 1197,1002 1113,1002"/>
                    <TextEquiv>
                        <Unicode>[serra</Unicode>
                    </TextEquiv>
                    <TextStyle fontFamily="Times New Roman" fontSize="8.0"/>
                </Word>
                <Word id="w_w2aab1b7b2b7b7b4c15" language="English" custom="readingOrder {index:5;}">
                    <Coords points="1207,969 1310,969 1310,1000 1207,1000"/>
                    <TextEquiv>
                        <Unicode>change</Unicode>
                    </TextEquiv>
                    <TextStyle fontFamily="Times New Roman" fontSize="8.0"/>
                </Word>
                <Word id="w_w2aab1b7b2b7b7b4c29" language="English" custom="readingOrder {index:6;}">
                    <Coords points="1331,978 1364,978 1364,994 1331,994"/>
                    <TextEquiv>
                        <Unicode>en</Unicode>
                    </TextEquiv>
                    <TextStyle fontFamily="Times New Roman" fontSize="8.0"/>
                </Word>
                <Word id="w_w2aab1b7b2b7b7b4c35" language="English" custom="readingOrder {index:7;}">
                    <Coords points="1380,977 1465,977 1465,994 1380,994"/>
                    <TextEquiv>
                        <Unicode>sonne</Unicode>
                    </TextEquiv>
                    <TextStyle fontFamily="Times New Roman" fontSize="8.0"/>
                </Word>
                <Word id="w_w2aab1b7b2b7b7b4c47" language="English" custom="readingOrder {index:8;}">
                    <Coords points="1478,974 1505,974 1505,994 1478,994"/>
                    <TextEquiv>
                        <Unicode>et</Unicode>
                    </TextEquiv>
                    <TextStyle fontFamily="Times New Roman" fontSize="8.0"/>
                </Word>
                <TextEquiv>
                    <Unicode>(cf. H 8) S[serra change en soune et</Unicode>
                </TextEquiv>
            </TextLine>
            <TextLine id="tl_27" primaryLanguage="English" custom="readingOrder {index:4;}">
                <Coords points="945,1003 1504,1003 1504,1038 945,1038"/>
                <Baseline points="945,1028 962,1028 1066,1030 1120,1030 1295,1038 1329,1030 1504,1030"/>
                <Word id="w_w2aab1b7b2b7b9ab1" language="German" custom="readingOrder {index:0;}">
                    <Coords points="945,1012 999,1012 999,1037 945,1037"/>
                    <TextEquiv>
                        <Unicode>nun</Unicode>
                    </TextEquiv>
                    <TextStyle fontFamily="Times New Roman" fontSize="8.0"/>
                </Word>
                <Word id="w_w2aab1b7b2b7b9b1b1" language="English" custom="readingOrder {index:1;}">
                    <Coords points="1018,1013 1066,1013 1066,1037 1018,1037"/>
                    <TextEquiv>
                        <Unicode>pas</Unicode>
                    </TextEquiv>
                    <TextStyle fontFamily="Times New Roman" fontSize="8.0"/>
                </Word>
                <Word id="w_w2aab1b7b2b7b9b1b9" language="English" custom="readingOrder {index:2;}">
                    <Coords points="1087,1014 1120,1014 1120,1031 1087,1031"/>
                    <TextEquiv>
                        <Unicode>en</Unicode>
                    </TextEquiv>
                    <TextStyle fontFamily="Times New Roman" fontSize="8.0"/>
                </Word>
                <Word id="w_w2aab1b7b2b7b9b1c15" language="English" custom="readingOrder {index:3;}">
                    <Coords points="1140,1004 1295,1004 1295,1038 1140,1038"/>
                    <TextEquiv>
                        <Unicode>escripture]</Unicode>
                    </TextEquiv>
                    <TextStyle fontFamily="Times New Roman" fontSize="8.0"/>
                </Word>
                <Word id="w_w2aab1b7b2b7b9b1c39" language="English" custom="readingOrder {index:4;}">
                    <Coords points="1316,1014 1393,1014 1393,1031 1316,1031"/>
                    <TextEquiv>
                        <Unicode>corne</Unicode>
                    </TextEquiv>
                    <TextStyle fontFamily="Times New Roman" fontSize="8.0"/>
                </Word>
                <Word id="w_w2aab1b7b2b7b9b2b1" language="English" custom="readingOrder {index:5;}">
                    <Coords points="1416,1013 1504,1013 1504,1030 1416,1030"/>
                    <TextEquiv>
                        <Unicode>ascu?i</Unicode>
                    </TextEquiv>
                    <TextStyle fontFamily="Times New Roman" fontSize="8.0" italic="true"/>
                </Word>
                <TextEquiv>
                    <Unicode>nun pas en escripture] come ascun</Unicode>
                </TextEquiv>
            </TextLine>
            <TextLine id="tl_28" primaryLanguage="English" custom="readingOrder {index:5;}">
                <Coords points="946,1038 1170,1038 1170,1067 946,1067"/>
                <Baseline points="946,1064 972,1064 1001,1064 1170,1067"/>
                <Word id="w_w2aab1b7b2b7c11ab1" language="English" custom="readingOrder {index:0;}">
                    <Coords points="946,1042 972,1042 972,1064 946,1064"/>
                    <TextEquiv>
                        <Unicode>et</Unicode>
                    </TextEquiv>
                    <TextStyle fontFamily="Times New Roman" fontSize="8.0"/>
                </Word>
                <Word id="w_w2aab1b7b2b7c11ab7" language="English" custom="readingOrder {index:1;}">
                    <Coords points="990,1039 1068,1039 1068,1066 990,1066"/>
                    <TextEquiv>
                        <Unicode>lirrcs</Unicode>
                    </TextEquiv>
                    <TextStyle fontFamily="Times New Roman" fontSize="8.0"/>
                </Word>
                <Word id="w_w2aab1b7b2b7c11b1b1" language="English" custom="readingOrder {index:2;}">
                    <Coords points="1089,1050 1170,1050 1170,1067 1089,1067"/>
                    <TextEquiv>
                        <Unicode>acun.</Unicode>
                    </TextEquiv>
                    <TextStyle fontFamily="Times New Roman" fontSize="8.0" italic="true"/>
                </Word>
                <TextEquiv>
                    <Unicode>et lirres acun.</Unicode>
                </TextEquiv>
            </TextLine>
            <TextEquiv>
                <Unicode>(H 32 61) Et a la foithe escrive¬
retz s en lieu de u come ascun,
blasmer etc. et serra sone aucun.
(cf. H 8) S[serra change en soune et
nun pas en escripture] come ascun
et lirres acun.</Unicode>
            </TextEquiv>
        </TextRegion>
        <TextRegion type="paragraph" id="r_4_5" custom="readingOrder {index:8;}">
            <Coords points="990,1086 1505,1086 1505,1124 990,1124"/>
            <TextLine id="tl_29" primaryLanguage="English" custom="readingOrder {index:0;}">
                <Coords points="991,1087 1504,1087 1504,1123 991,1123"/>
                <Baseline points="991,1122 1029,1114 1087,1123 1152,1114 1325,1113 1504,1114"/>
                <Word id="w_w2aab1b7b2b9b1ab1" language="English" custom="readingOrder {index:0;}">
                    <Coords points="991,1087 1029,1087 1029,1122 991,1122"/>
                    <TextEquiv>
                        <Unicode>(H</Unicode>
                    </TextEquiv>
                    <TextStyle fontFamily="Times New Roman" fontSize="8.0"/>
                </Word>
                <Word id="w_w2aab1b7b2b9b1ab7" language="English" custom="readingOrder {index:1;}">
                    <Coords points="1041,1090 1087,1090 1087,1123 1041,1123"/>
                    <TextEquiv>
                        <Unicode>33)</Unicode>
                    </TextEquiv>
                    <TextStyle fontFamily="Times New Roman" fontSize="8.0"/>
                </Word>
                <Word id="w_w2aab1b7b2b9b1ac15" language="English" custom="readingOrder {index:2;}">
                    <Coords points="1107,1089 1152,1089 1152,1123 1107,1123"/>
                    <TextEquiv>
                        <Unicode>[Et</Unicode>
                    </TextEquiv>
                    <TextStyle fontFamily="Times New Roman" fontSize="8.0"/>
                </Word>
                <Word id="w_w2aab1b7b2b9b1ac23" language="English" custom="readingOrder {index:3;}">
                    <Coords points="1170,1089 1325,1089 1325,1114 1170,1114"/>
                    <TextEquiv>
                        <Unicode>altrefoithe</Unicode>
                    </TextEquiv>
                    <TextStyle fontFamily="Times New Roman" fontSize="8.0"/>
                </Word>
                <Word id="w_w2aab1b7b2b9b1ac47" language="English" custom="readingOrder {index:4;}">
                    <Coords points="1345,1090 1504,1090 1504,1114 1345,1114"/>
                    <TextEquiv>
                        <Unicode>escriveretz</Unicode>
                    </TextEquiv>
                    <TextStyle fontFamily="Times New Roman" fontSize="8.0"/>
                </Word>
                <TextEquiv>
                    <Unicode>(H 33) [Et altrefoithe escriveretz</Unicode>
                </TextEquiv>
                <TextStyle fontFamily="Times New Roman" fontSize="8.0"/>
            </TextLine>
            <TextEquiv>
                <Unicode>(H 33) [Et altrefoithe escriveretz</Unicode>
            </TextEquiv>
        </TextRegion>
        <TextRegion type="paragraph" id="r_5_1" custom="readingOrder {index:9;}">
            <Coords points="1558,420 2121,420 2121,557 1558,557"/>
            <TextLine id="tl_30" primaryLanguage="English" custom="readingOrder {index:0;}">
                <Coords points="1608,421 2120,421 2120,458 1608,458"/>
                <Baseline points="1608,454 1618,454 1722,454 1756,447 1857,447 1893,446 2120,453"/>
                <Word id="w_w2aab1b9b2b1b1ab1" language="English" custom="readingOrder {index:0;}">
                    <Coords points="1608,421 1665,421 1665,454 1608,454"/>
                    <TextEquiv>
                        <Unicode>(CO</Unicode>
                    </TextEquiv>
                    <TextStyle fontFamily="Times New Roman" fontSize="8.5"/>
                </Word>
                <Word id="w_w2aab1b9b2b1b1b1b1" language="English" custom="readingOrder {index:1;}">
                    <Coords points="1677,422 1722,422 1722,454 1677,454"/>
                    <TextEquiv>
                        <Unicode>73)</Unicode>
                    </TextEquiv>
                    <TextStyle fontFamily="Times New Roman" fontSize="8.0"/>
                </Word>
                <Word id="w_w2aab1b9b2b1b1b1b9" language="English" custom="readingOrder {index:2;}">
                    <Coords points="1742,423 1810,423 1810,447 1742,447"/>
                    <TextEquiv>
                        <Unicode>Item</Unicode>
                    </TextEquiv>
                    <TextStyle fontFamily="Times New Roman" fontSize="8.0"/>
                </Word>
                <Word id="w_w2aab1b9b2b1b1b2b1" language="English" custom="readingOrder {index:3;}">
                    <Coords points="1830,423 1857,423 1857,447 1830,447"/>
                    <TextEquiv>
                        <Unicode>in</Unicode>
                    </TextEquiv>
                    <TextStyle fontFamily="Times New Roman" fontSize="8.0"/>
                </Word>
                <Word id="w_w2aab1b9b2b1b1b2b7" language="English" custom="readingOrder {index:4;}">
                    <Coords points="1877,424 1966,424 1966,457 1877,457"/>
                    <TextEquiv>
                        <Unicode>verbis</Unicode>
                    </TextEquiv>
                    <TextStyle fontFamily="Times New Roman" fontSize="8.0"/>
                </Word>
                <Word id="w_w2aab1b9b2b1b1b3b1" language="English" custom="readingOrder {index:5;}">
                    <Coords points="1986,429 2120,429 2120,457 1986,457"/>
                    <TextEquiv>
                        <Unicode>presentis</Unicode>
                    </TextEquiv>
                    <TextStyle fontFamily="Times New Roman" fontSize="8.0"/>
                </Word>
                <TextEquiv>
                    <Unicode>(CO 73) Item in verbis presentis</Unicode>
                </TextEquiv>
            </TextLine>
            <TextLine id="tl_31" primaryLanguage="English" custom="readingOrder {index:1;}">
                <Coords points="1561,458 2120,458 2120,497 1561,497"/>
                <Baseline points="1561,481 1587,482 1615,491 1853,483 1965,484 2014,486 2120,489"/>
                <Word id="w_w2aab1b9b2b1b3ab1" language="English" custom="readingOrder {index:0;}">
                    <Coords points="1561,461 1587,461 1587,482 1561,482"/>
                    <TextEquiv>
                        <Unicode>et</Unicode>
                    </TextEquiv>
                    <TextStyle fontFamily="Times New Roman" fontSize="8.0"/>
                </Word>
                <Word id="w_w2aab1b9b2b1b3ab7" language="English" custom="readingOrder {index:1;}">
                    <Coords points="1599,458 1717,458 1717,491 1599,491"/>
                    <TextEquiv>
                        <Unicode>preteriti</Unicode>
                    </TextEquiv>
                    <TextStyle fontFamily="Times New Roman" fontSize="8.0"/>
                </Word>
                <Word id="w_w2aab1b9b2b1b3b1b1" language="English" custom="readingOrder {index:2;}">
                    <Coords points="1729,458 1853,458 1853,491 1729,491"/>
                    <TextEquiv>
                        <Unicode>temporis</Unicode>
                    </TextEquiv>
                    <TextStyle fontFamily="Times New Roman" fontSize="8.0"/>
                </Word>
                <Word id="w_w2aab1b9b2b1b3b1c19" language="English" custom="readingOrder {index:3;}">
                    <Coords points="1866,458 1989,458 1989,486 1866,486"/>
                    <TextEquiv>
                        <Unicode>scribetis</Unicode>
                    </TextEquiv>
                    <TextStyle fontFamily="Times New Roman" fontSize="8.0"/>
                </Word>
                <Word id="w_w2aab1b9b2b1b3b2b1" language="English" custom="readingOrder {index:4;}">
                    <Coords points="2001,464 2029,464 2029,486 2001,486"/>
                    <TextEquiv>
                        <Unicode>st</Unicode>
                    </TextEquiv>
                    <TextStyle fontFamily="Times New Roman" fontSize="8.0" italic="true"/>
                </Word>
                <Word id="w_w2aab1b9b2b1b3b3b3" language="English" custom="readingOrder {index:5;}">
                    <Coords points="2043,470 2120,470 2120,497 2043,497"/>
                    <TextEquiv>
                        <Unicode>âpres</Unicode>
                    </TextEquiv>
                    <TextStyle fontFamily="Times New Roman" fontSize="8.0"/>
                </Word>
                <TextEquiv>
                    <Unicode>et preteriti temporis scribetis st apres</Unicode>
                </TextEquiv>
            </TextLine>
            <TextLine id="tl_32" primaryLanguage="English" custom="readingOrder {index:2;}">
                <Coords points="1559,495 2120,495 2120,530 1559,530"/>
                <Baseline points="1559,516 1573,516 1604,517 1637,517 1675,517 1708,517 1882,522 1963,523 2004,519 2120,528"/>
                <Word id="w_w2aab1b9b2b1b5ab1" language="English" custom="readingOrder {index:0;}">
                    <Coords points="1559,495 1573,495 1573,516 1559,516"/>
                    <TextEquiv>
                        <Unicode>i</Unicode>
                    </TextEquiv>
                    <TextStyle fontFamily="Times New Roman" fontSize="8.0" italic="true"/>
                </Word>
                <Word id="w_w2aab1b9b2b1b5ab5" language="English" custom="readingOrder {index:1;}">
                    <Coords points="1590,503 1604,503 1604,517 1590,517"/>
                    <TextEquiv>
                        <Unicode>e</Unicode>
                    </TextEquiv>
                    <TextStyle fontFamily="Times New Roman" fontSize="8.0" italic="true"/>
                </Word>
                <Word id="w_w2aab1b9b2b1b5ab9" language="English" custom="readingOrder {index:2;}">
                    <Coords points="1623,503 1637,503 1637,517 1623,517"/>
                    <TextEquiv>
                        <Unicode>o</Unicode>
                    </TextEquiv>
                    <TextStyle fontFamily="Times New Roman" fontSize="8.0" italic="true"/>
                </Word>
                <Word id="w_w2aab1b9b2b1b5ac13" language="English" custom="readingOrder {index:3;}">
                    <Coords points="1657,503 1675,503 1675,517 1657,517"/>
                    <TextEquiv>
                        <Unicode>u</Unicode>
                    </TextEquiv>
                    <TextStyle fontFamily="Times New Roman" fontSize="8.0" italic="true"/>
                </Word>
                <Word id="w_w2aab1b9b2b1b5b1b3" language="English" custom="readingOrder {index:4;}">
                    <Coords points="1695,496 1771,496 1771,518 1695,518"/>
                    <TextEquiv>
                        <Unicode>corne</Unicode>
                    </TextEquiv>
                    <TextStyle fontFamily="Times New Roman" fontSize="8.0"/>
                </Word>
                <Word id="w_w2aab1b9b2b1b5b2b1" language="English" custom="readingOrder {index:5;}">
                    <Coords points="1791,496 1882,496 1882,522 1791,522"/>
                    <TextEquiv>
                        <Unicode>batist,</Unicode>
                    </TextEquiv>
                    <TextStyle fontFamily="Times New Roman" fontSize="8.0" italic="true"/>
                </Word>
                <Word id="w_w2aab1b9b2b1b5b2c17" language="English" custom="readingOrder {index:6;}">
                    <Coords points="1901,496 1963,496 1963,526 1901,526"/>
                    <TextEquiv>
                        <Unicode>fist,</Unicode>
                    </TextEquiv>
                    <TextStyle fontFamily="Times New Roman" fontSize="8.0" italic="true"/>
                </Word>
                <Word id="w_w2aab1b9b2b1b5b2c29" language="English" custom="readingOrder {index:7;}">
                    <Coords points="1990,501 2038,501 2038,529 1990,529"/>
                    <TextEquiv>
                        <Unicode>est,</Unicode>
                    </TextEquiv>
                    <TextStyle fontFamily="Times New Roman" fontSize="8.0" italic="true"/>
                </Word>
                <Word id="w_w2aab1b9b2b1b5b3b1" language="German" custom="readingOrder {index:8;}">
                    <Coords points="2059,502 2120,502 2120,528 2059,528"/>
                    <TextEquiv>
                        <Unicode>tost,</Unicode>
                    </TextEquiv>
                    <TextStyle fontFamily="Times New Roman" fontSize="8.0" italic="true"/>
                </Word>
                <TextEquiv>
                    <Unicode>i e o u corne batist, fist, est, tost,</Unicode>
                </TextEquiv>
            </TextLine>
            <TextLine id="tl_33" primaryLanguage="German" custom="readingOrder {index:3;}">
                <Coords points="1560,529 1686,529 1686,556 1560,556"/>
                <Baseline points="1560,554 1573,554 1686,556"/>
                <Word id="w_w2aab1b9b2b1b7ab1" language="German" custom="readingOrder {index:0;}">
                    <Coords points="1560,529 1620,529 1620,555 1560,555"/>
                    <TextEquiv>
                        <Unicode>tust</Unicode>
                    </TextEquiv>
                    <TextStyle fontFamily="Times New Roman" fontSize="8.0" italic="true"/>
                </Word>
                <Word id="w_w2aab1b9b2b1b7b1b3" language="German" custom="readingOrder {index:1;}">
                    <Coords points="1638,533 1686,533 1686,556 1638,556"/>
                    <TextEquiv>
                        <Unicode>etc.</Unicode>
                    </TextEquiv>
                    <TextStyle fontFamily="Times New Roman" fontSize="8.0"/>
                </Word>
                <TextEquiv>
                    <Unicode>lust etc.</Unicode>
                </TextEquiv>
            </TextLine>
            <TextEquiv>
                <Unicode>(CO 73) Item in verbis presentis
et preteriti temporis scribetis st apres
i e o u corne batist, fist, est, tost,
lust etc.</Unicode>
            </TextEquiv>
        </TextRegion>
        <TextRegion type="paragraph" id="r_5_2" custom="readingOrder {index:10;}">
            <Coords points="1557,574 2121,574 2121,711 1557,711"/>
            <TextLine id="tl_34" primaryLanguage="English" custom="readingOrder {index:0;}">
                <Coords points="1604,575 2120,575 2120,611 1604,611"/>
                <Baseline points="1604,609 1660,603 1714,610 1756,601 1850,600 1940,602 2069,604 2120,605"/>
                <Word id="w_w2aab1b9b2b3b1ab1" language="English" custom="readingOrder {index:0;}">
                    <Coords points="1604,575 1660,575 1660,609 1604,609"/>
                    <TextEquiv>
                        <Unicode>(CO</Unicode>
                    </TextEquiv>
                    <TextStyle fontFamily="Times New Roman" fontSize="8.0"/>
                </Word>
                <Word id="w_w2aab1b9b2b3b1ab9" language="English" custom="readingOrder {index:1;}">
                    <Coords points="1669,576 1714,576 1714,610 1669,610"/>
                    <TextEquiv>
                        <Unicode>96)</Unicode>
                    </TextEquiv>
                    <TextStyle fontFamily="Times New Roman" fontSize="8.0"/>
                </Word>
                <Word id="w_w2aab1b9b2b3b1ac17" language="English" custom="readingOrder {index:2;}">
                    <Coords points="1742,577 1810,577 1810,601 1742,601"/>
                    <TextEquiv>
                        <Unicode>Item</Unicode>
                    </TextEquiv>
                    <TextStyle fontFamily="Times New Roman" fontSize="8.0"/>
                </Word>
                <Word id="w_w2aab1b9b2b3b1b1b1" language="German" custom="readingOrder {index:3;}">
                    <Coords points="1841,577 1869,577 1869,610 1841,610"/>
                    <TextEquiv>
                        <Unicode>in</Unicode>
                    </TextEquiv>
                    <TextStyle fontFamily="Times New Roman" fontSize="8.0"/>
                </Word>
                <Word id="w_w2aab1b9b2b3b1b2b1" language="English" custom="readingOrder {index:4;}">
                    <Coords points="1892,579 2011,579 2011,610 1892,610"/>
                    <TextEquiv>
                        <Unicode>presenti</Unicode>
                    </TextEquiv>
                    <TextStyle fontFamily="Times New Roman" fontSize="8.0"/>
                </Word>
                <Word id="w_w2aab1b9b2b3b1b3b1" language="German" custom="readingOrder {index:5;}">
                    <Coords points="2042,583 2069,583 2069,604 2042,604"/>
                    <TextEquiv>
                        <Unicode>et</Unicode>
                    </TextEquiv>
                    <TextStyle fontFamily="Times New Roman" fontSize="8.0"/>
                </Word>
                <Word id="w_w2aab1b9b2b3b1b3b7" language="German" custom="readingOrder {index:6;}">
                    <Coords points="2092,581 2120,581 2120,605 2092,605"/>
                    <TextEquiv>
                        <Unicode>in</Unicode>
                    </TextEquiv>
                    <TextStyle fontFamily="Times New Roman" fontSize="8.0"/>
                </Word>
                <TextEquiv>
                    <Unicode>(CO 96) Item in presenti et in</Unicode>
                </TextEquiv>
            </TextLine>
            <TextLine id="tl_35" primaryLanguage="English" custom="readingOrder {index:1;}">
                <Coords points="1558,613 2120,613 2120,647 1558,647"/>
                <Baseline points="1558,644 1575,644 1714,638 1906,637 1934,638 1988,646 2032,644 2071,640 2120,642"/>
                <Word id="w_w2aab1b9b2b3b3ab1" language="English" custom="readingOrder {index:0;}">
                    <Coords points="1558,614 1685,614 1685,644 1558,644"/>
                    <TextEquiv>
                        <Unicode>preterito</Unicode>
                    </TextEquiv>
                    <TextStyle fontFamily="Times New Roman" fontSize="8.0"/>
                </Word>
                <Word id="w_w2aab1b9b2b3b3b1b1" language="German" custom="readingOrder {index:1;}">
                    <Coords points="1705,613 1825,613 1825,646 1705,646"/>
                    <TextEquiv>
                        <Unicode>tempore</Unicode>
                    </TextEquiv>
                    <TextStyle fontFamily="Times New Roman" fontSize="8.0"/>
                </Word>
                <Word id="w_w2aab1b9b2b3b3b2b1" language="English" custom="readingOrder {index:2;}">
                    <Coords points="1837,613 1906,613 1906,638 1837,638"/>
                    <TextEquiv>
                        <Unicode>inter</Unicode>
                    </TextEquiv>
                    <TextStyle fontFamily="Times New Roman" fontSize="8.0"/>
                </Word>
                <Word id="w_w2aab1b9b2b3b3b2c13" language="English" custom="readingOrder {index:3;}">
                    <Coords points="1925,622 1943,622 1943,643 1925,643"/>
                    <TextEquiv>
                        <Unicode>r,</Unicode>
                    </TextEquiv>
                    <TextStyle fontFamily="Times New Roman" fontSize="8.0"/>
                </Word>
                <Word id="w_w2aab1b9b2b3b3b3b1" language="English" custom="readingOrder {index:4;}">
                    <Coords points="1967,625 1988,625 1988,646 1967,646"/>
                    <TextEquiv>
                        <Unicode>e,</Unicode>
                    </TextEquiv>
                    <TextStyle fontFamily="Times New Roman" fontSize="8.0" italic="true"/>
                </Word>
                <Word id="w_w2aab1b9b2b3b3b3b7" language="English" custom="readingOrder {index:5;}">
                    <Coords points="2009,624 2032,624 2032,644 2009,644"/>
                    <TextEquiv>
                        <Unicode>o,</Unicode>
                    </TextEquiv>
                    <TextStyle fontFamily="Times New Roman" fontSize="8.0" italic="true"/>
                </Word>
                <Word id="w_w2aab1b9b2b3b3b3c13" language="English" custom="readingOrder {index:6;}">
                    <Coords points="2053,625 2071,625 2071,640 2053,640"/>
                    <TextEquiv>
                        <Unicode>u</Unicode>
                    </TextEquiv>
                    <TextStyle fontFamily="Times New Roman" fontSize="8.0" italic="true"/>
                </Word>
                <Word id="w_w2aab1b9b2b3b3b4b3" language="English" custom="readingOrder {index:7;}">
                    <Coords points="2094,623 2120,623 2120,642 2094,642"/>
                    <TextEquiv>
                        <Unicode>et</Unicode>
                    </TextEquiv>
                    <TextStyle fontFamily="Times New Roman" fontSize="8.0"/>
                </Word>
                <TextEquiv>
                    <Unicode>preterito tempore inter i, e, o, u et</Unicode>
                </TextEquiv>
            </TextLine>
            <TextLine id="tl_36" primaryLanguage="English" custom="readingOrder {index:2;}">
                <Coords points="1559,648 2118,648 2118,684 1559,684"/>
                <Baseline points="1559,672 1570,672 1651,674 1718,675 1785,674 1861,673 1940,679 1992,683 2118,683"/>
                <Word id="w_w2aab1b9b2b3b5ab1" language="English" custom="readingOrder {index:0;}">
                    <Coords points="1559,651 1570,651 1570,672 1559,672"/>
                    <TextEquiv>
                        <Unicode>t</Unicode>
                    </TextEquiv>
                    <TextStyle fontFamily="Times New Roman" fontSize="8.0" italic="true"/>
                </Word>
                <Word id="w_w2aab1b9b2b3b5b2b1" language="English" custom="readingOrder {index:1;}">
                    <Coords points="1598,649 1680,649 1680,675 1598,675"/>
                    <TextEquiv>
                        <Unicode>debet</Unicode>
                    </TextEquiv>
                    <TextStyle fontFamily="Times New Roman" fontSize="8.0"/>
                </Word>
                <Word id="w_w2aab1b9b2b3b5b3b1" language="English" custom="readingOrder {index:2;}">
                    <Coords points="1704,657 1718,657 1718,675 1704,675"/>
                    <TextEquiv>
                        <Unicode>§</Unicode>
                    </TextEquiv>
                    <TextStyle fontFamily="Times New Roman" fontSize="8.0"/>
                </Word>
                <Word id="w_w2aab1b9b2b3b5b4b1" language="English" custom="readingOrder {index:3;}">
                    <Coords points="1743,648 1824,648 1824,674 1743,674"/>
                    <TextEquiv>
                        <Unicode>scribi</Unicode>
                    </TextEquiv>
                    <TextStyle fontFamily="Times New Roman" fontSize="8.0"/>
                </Word>
                <Word id="w_w2aab1b9b2b3b5b5b1" language="English" custom="readingOrder {index:4;}">
                    <Coords points="1845,651 1873,651 1873,673 1845,673"/>
                    <TextEquiv>
                        <Unicode>ut</Unicode>
                    </TextEquiv>
                    <TextStyle fontFamily="Times New Roman" fontSize="8.0"/>
                </Word>
                <Word id="w_w2aab1b9b2b3b5b6b1" language="English" custom="readingOrder {index:5;}">
                    <Coords points="1893,652 1940,652 1940,679 1893,679"/>
                    <TextEquiv>
                        <Unicode>est,</Unicode>
                    </TextEquiv>
                    <TextStyle fontFamily="Times New Roman" fontSize="8.0" italic="true"/>
                </Word>
                <Word id="w_w2aab1b9b2b3b5b6c11" language="English" custom="readingOrder {index:6;}">
                    <Coords points="1962,651 2026,651 2026,683 1962,683"/>
                    <TextEquiv>
                        <Unicode>fist,</Unicode>
                    </TextEquiv>
                    <TextStyle fontFamily="Times New Roman" fontSize="8.0" italic="true"/>
                </Word>
                <Word id="w_w2aab1b9b2b3b5b7b1" language="German" custom="readingOrder {index:7;}">
                    <Coords points="2058,654 2118,654 2118,683 2058,683"/>
                    <TextEquiv>
                        <Unicode>tost,</Unicode>
                    </TextEquiv>
                    <TextStyle fontFamily="Times New Roman" fontSize="8.0" italic="true"/>
                </Word>
                <TextEquiv>
                    <Unicode>t debet s scribi ut est, fist, tost,</Unicode>
                </TextEquiv>
            </TextLine>
            <TextLine id="tl_37" primaryLanguage="German" custom="readingOrder {index:3;}">
                <Coords points="1559,685 1690,685 1690,710 1559,710"/>
                <Baseline points="1559,706 1571,706 1690,710"/>
                <Word id="w_w2aab1b9b2b3b7ab1" language="German" custom="readingOrder {index:0;}">
                    <Coords points="1559,685 1620,685 1620,708 1559,708"/>
                    <TextEquiv>
                        <Unicode>tust</Unicode>
                    </TextEquiv>
                    <TextStyle fontFamily="Times New Roman" fontSize="8.0" italic="true"/>
                </Word>
                <Word id="w_w2aab1b9b2b3b7b1b3" language="German" custom="readingOrder {index:1;}">
                    <Coords points="1639,689 1690,689 1690,710 1639,710"/>
                    <TextEquiv>
                        <Unicode>etc.</Unicode>
                    </TextEquiv>
                    <TextStyle fontFamily="Times New Roman" fontSize="8.0"/>
                </Word>
                <TextEquiv>
                    <Unicode>tust etc.</Unicode>
                </TextEquiv>
            </TextLine>
            <TextEquiv>
                <Unicode>(CO 96) Item in presenti et in
preterito tempore inter i, e, o, u et
t debet s scribi ut est, fist, tost,
tust etc.</Unicode>
            </TextEquiv>
        </TextRegion>
        <TextRegion type="paragraph" id="r_6_1" custom="readingOrder {index:11;}">
            <Coords points="1596,821 2091,821 2091,852 1596,852"/>
            <TextLine id="tl_38" primaryLanguage="German" custom="readingOrder {index:0;}">
                <Coords points="1597,822 2090,822 2090,851 1597,851"/>
                <Baseline points="1597,844 1621,845 1658,845 1711,845 1844,843 1886,843 1927,842 1950,843 1978,843 2090,849"/>
                <Word id="w_w2aab1c11b2b1b1ab1" language="German" custom="readingOrder {index:0;}">
                    <Coords points="1597,829 1621,829 1621,845 1597,845"/>
                    <TextEquiv>
                        <Unicode>et</Unicode>
                    </TextEquiv>
                    <TextStyle fontFamily="Times New Roman" fontSize="6.5"/>
                </Word>
                <Word id="w_w2aab1c11b2b1b1ab7" language="German" custom="readingOrder {index:1;}">
                    <Coords points="1636,824 1658,824 1658,845 1636,845"/>
                    <TextEquiv>
                        <Unicode>in</Unicode>
                    </TextEquiv>
                    <TextStyle fontFamily="Times New Roman" fontSize="6.5"/>
                </Word>
                <Word id="w_w2aab1c11b2b1b1ac13" language="German" custom="readingOrder {index:2;}">
                    <Coords points="1672,822 1782,822 1782,850 1672,850"/>
                    <TextEquiv>
                        <Unicode>preterito</Unicode>
                    </TextEquiv>
                    <TextStyle fontFamily="Times New Roman" fontSize="6.5"/>
                </Word>
                <Word id="w_w2aab1c11b2b1b1b1b1" language="English" custom="readingOrder {index:3;}">
                    <Coords points="1798,822 1856,822 1856,844 1798,844"/>
                    <TextEquiv>
                        <Unicode>inter</Unicode>
                    </TextEquiv>
                    <TextStyle fontFamily="Times New Roman" fontSize="6.5"/>
                </Word>
                <Word id="w_w2aab1c11b2b1b1b2b1" language="German" custom="readingOrder {index:4;}">
                    <Coords points="1871,830 1886,830 1886,843 1871,843"/>
                    <TextEquiv>
                        <Unicode>a</Unicode>
                    </TextEquiv>
                    <TextStyle fontFamily="Times New Roman" fontSize="6.5" italic="true"/>
                </Word>
                <Word id="w_w2aab1c11b2b1b1b3b3" language="German" custom="readingOrder {index:5;}">
                    <Coords points="1903,826 1927,826 1927,842 1903,842"/>
                    <TextEquiv>
                        <Unicode>et</Unicode>
                    </TextEquiv>
                    <TextStyle fontFamily="Times New Roman" fontSize="6.5"/>
                </Word>
                <Word id="w_w2aab1c11b2b1b1b3b9" language="German" custom="readingOrder {index:6;}">
                    <Coords points="1941,825 1950,825 1950,843 1941,843"/>
                    <TextEquiv>
                        <Unicode>/</Unicode>
                    </TextEquiv>
                    <TextStyle fontFamily="Times New Roman" fontSize="6.5"/>
                </Word>
                <Word id="w_w2aab1c11b2b1b1b3c13" language="German" custom="readingOrder {index:7;}">
                    <Coords points="1966,828 1989,828 1989,845 1966,845"/>
                    <TextEquiv>
                        <Unicode>ut</Unicode>
                    </TextEquiv>
                    <TextStyle fontFamily="Times New Roman" fontSize="6.5"/>
                </Word>
                <Word id="w_w2aab1c11b2b1b1b4b1" language="German" custom="readingOrder {index:8;}">
                    <Coords points="2004,828 2090,828 2090,849 2004,849"/>
                    <TextEquiv>
                        <Unicode>amcist*</Unicode>
                    </TextEquiv>
                    <TextStyle fontFamily="Times New Roman" fontSize="6.5" italic="true"/>
                </Word>
                <TextEquiv>
                    <Unicode>et in preterito inter a et t ut amast.</Unicode>
                </TextEquiv>
            </TextLine>
            <TextEquiv>
                <Unicode>et in preterito inter a et t ut amast.</Unicode>
            </TextEquiv>
        </TextRegion>
        <TextRegion type="paragraph" id="r_6_2" custom="readingOrder {index:12;}">
            <Coords points="1555,862 2120,862 2120,963 1555,963"/>
            <TextLine id="tl_39" primaryLanguage="German" custom="readingOrder {index:0;}">
                <Coords points="1601,863 2119,863 2119,899 1601,899"/>
                <Baseline points="1601,897 1660,891 1718,898 1751,889 1950,888 2002,889 2118,886"/>
                <Word id="w_w2aab1c11b2b3b1ab1" language="German" custom="readingOrder {index:0;}">
                    <Coords points="1601,863 1660,863 1660,897 1601,897"/>
                    <TextEquiv>
                        <Unicode>(CO</Unicode>
                    </TextEquiv>
                    <TextStyle fontFamily="Times New Roman" fontSize="8.0"/>
                </Word>
                <Word id="w_w2aab1c11b2b3b1ab9" language="German" custom="readingOrder {index:1;}">
                    <Coords points="1670,864 1718,864 1718,898 1670,898"/>
                    <TextEquiv>
                        <Unicode>67)</Unicode>
                    </TextEquiv>
                    <TextStyle fontFamily="Times New Roman" fontSize="8.0"/>
                </Word>
                <Word id="w_w2aab1c11b2b3b1ac17" language="German" custom="readingOrder {index:2;}">
                    <Coords points="1734,866 1804,866 1804,889 1734,889"/>
                    <TextEquiv>
                        <Unicode>Item</Unicode>
                    </TextEquiv>
                    <TextStyle fontFamily="Times New Roman" fontSize="8.0"/>
                </Word>
                <Word id="w_w2aab1c11b2b3b1b1b1" language="English" custom="readingOrder {index:3;}">
                    <Coords points="1823,863 1969,863 1969,895 1823,895"/>
                    <TextEquiv>
                        <Unicode>aliquando</Unicode>
                    </TextEquiv>
                    <TextStyle fontFamily="Times New Roman" fontSize="8.0"/>
                </Word>
                <Word id="w_w2aab1c11b2b3b1b2b1" language="German" custom="readingOrder {index:4;}">
                    <Coords points="1988,874 2002,874 2002,889 1988,889"/>
                    <TextEquiv>
                        <Unicode>s</Unicode>
                    </TextEquiv>
                    <TextStyle fontFamily="Times New Roman" fontSize="8.0" italic="true"/>
                </Word>
                <Word id="w_w2aab1c11b2b3b1b4b1" language="English" custom="readingOrder {index:5;}">
                    <Coords points="2022,868 2118,868 2118,892 2022,892"/>
                    <TextEquiv>
                        <Unicode>scribi¬</Unicode>
                    </TextEquiv>
                    <TextStyle fontFamily="Times New Roman" fontSize="8.0"/>
                </Word>
                <TextEquiv>
                    <Unicode>(CO 67) Item aliquando s scribi¬</Unicode>
                </TextEquiv>
            </TextLine>
            <TextLine id="tl_40" primaryLanguage="German" custom="readingOrder {index:1;}">
                <Coords points="1556,900 2117,900 2117,928 1556,928"/>
                <Baseline points="1556,923 1566,923 1632,924 1682,924 1842,923 1878,923 2014,926 2117,923"/>
                <Word id="w_w2aab1c11b2b3b3ab1" language="English" custom="readingOrder {index:0;}">
                    <Coords points="1556,901 1599,901 1599,924 1556,924"/>
                    <TextEquiv>
                        <Unicode>tur</Unicode>
                    </TextEquiv>
                    <TextStyle fontFamily="Times New Roman" fontSize="8.0"/>
                </Word>
                <Word id="w_w2aab1c11b2b3b3b1b1" language="German" custom="readingOrder {index:1;}">
                    <Coords points="1618,904 1645,904 1645,924 1618,924"/>
                    <TextEquiv>
                        <Unicode>et</Unicode>
                    </TextEquiv>
                    <TextStyle fontFamily="Times New Roman" fontSize="8.0"/>
                </Word>
                <Word id="w_w2aab1c11b2b3b3b2b1" language="German" custom="readingOrder {index:2;}">
                    <Coords points="1663,909 1682,909 1682,924 1663,924"/>
                    <TextEquiv>
                        <Unicode>u</Unicode>
                    </TextEquiv>
                    <TextStyle fontFamily="Times New Roman" fontSize="8.0" italic="true"/>
                </Word>
                <Word id="w_w2aab1c11b2b3b3b4b1" language="English" custom="readingOrder {index:3;}">
                    <Coords points="1704,900 1842,900 1842,925 1704,925"/>
                    <TextEquiv>
                        <Unicode>sonabitur</Unicode>
                    </TextEquiv>
                    <TextStyle fontFamily="Times New Roman" fontSize="8.0"/>
                </Word>
                <Word id="w_w2aab1c11b2b3b3b4c21" language="English" custom="readingOrder {index:4;}">
                    <Coords points="1865,906 1942,906 1942,925 1865,925"/>
                    <TextEquiv>
                        <Unicode>come</Unicode>
                    </TextEquiv>
                    <TextStyle fontFamily="Times New Roman" fontSize="8.0"/>
                </Word>
                <Word id="w_w2aab1c11b2b3b3b5b1" language="German" custom="readingOrder {index:5;}">
                    <Coords points="1966,909 2054,909 2054,927 1966,927"/>
                    <TextEquiv>
                        <Unicode>ascun</Unicode>
                    </TextEquiv>
                    <TextStyle fontFamily="Times New Roman" fontSize="8.0" italic="true"/>
                </Word>
                <Word id="w_w2aab1c11b2b3b3b7b1" language="English" custom="readingOrder {index:6;}">
                    <Coords points="2072,910 2117,910 2117,928 2072,928"/>
                    <TextEquiv>
                        <Unicode>so¬</Unicode>
                    </TextEquiv>
                    <TextStyle fontFamily="Times New Roman" fontSize="8.0"/>
                </Word>
                <TextEquiv>
                    <Unicode>tur et u sonabitur come ascun so¬</Unicode>
                </TextEquiv>
            </TextLine>
            <TextLine id="tl_41" primaryLanguage="English" custom="readingOrder {index:2;}">
                <Coords points="1556,936 1783,936 1783,962 1556,962"/>
                <Baseline points="1556,960 1573,960 1783,962"/>
                <Word id="w_w2aab1c11b2b3b5ab1" language="English" custom="readingOrder {index:0;}">
                    <Coords points="1556,936 1663,936 1663,961 1556,961"/>
                    <TextEquiv>
                        <Unicode>nabitur</Unicode>
                    </TextEquiv>
                    <TextStyle fontFamily="Times New Roman" fontSize="8.0"/>
                </Word>
                <Word id="w_w2aab1c11b2b3b5b1b1" language="English" custom="readingOrder {index:1;}">
                    <Coords points="1682,945 1783,945 1783,962 1682,962"/>
                    <TextEquiv>
                        <Unicode>aucun.</Unicode>
                    </TextEquiv>
                    <TextStyle fontFamily="Times New Roman" fontSize="8.0" italic="true"/>
                </Word>
                <TextEquiv>
                    <Unicode>nabitur aucun.</Unicode>
                </TextEquiv>
            </TextLine>
            <TextEquiv>
                <Unicode>(CO 67) Item aliquando s scribi¬
tur et u sonabitur come ascun so¬
nabitur aucun.</Unicode>
            </TextEquiv>
        </TextRegion>
        <TextRegion type="paragraph" id="r_7_1" custom="readingOrder {index:13;}">
            <Coords points="1602,1089 2116,1089 2116,1127 1602,1127"/>
            <TextLine id="tl_42" primaryLanguage="German" custom="readingOrder {index:0;}">
                <Coords points="1603,1090 2115,1090 2115,1126 1603,1126"/>
                <Baseline points="1603,1124 1659,1117 1716,1124 1750,1115 1970,1118 2115,1119"/>
                <Word id="w_w2aab1c13b2b1b1ab1" language="German" custom="readingOrder {index:0;}">
                    <Coords points="1603,1090 1659,1090 1659,1124 1603,1124"/>
                    <TextEquiv>
                        <Unicode>(CO</Unicode>
                    </TextEquiv>
                    <TextStyle fontFamily="Times New Roman" fontSize="8.0"/>
                </Word>
                <Word id="w_w2aab1c13b2b1b1ab9" language="German" custom="readingOrder {index:1;}">
                    <Coords points="1672,1091 1716,1091 1716,1124 1672,1124"/>
                    <TextEquiv>
                        <Unicode>74)</Unicode>
                    </TextEquiv>
                    <TextStyle fontFamily="Times New Roman" fontSize="8.0"/>
                </Word>
                <Word id="w_w2aab1c13b2b1b1ac17" language="German" custom="readingOrder {index:2;}">
                    <Coords points="1738,1093 1805,1093 1805,1116 1738,1116"/>
                    <TextEquiv>
                        <Unicode>Item</Unicode>
                    </TextEquiv>
                    <TextStyle fontFamily="Times New Roman" fontSize="8.0"/>
                </Word>
                <Word id="w_w2aab1c13b2b1b1b1b1" language="English" custom="readingOrder {index:3;}">
                    <Coords points="1825,1091 1970,1091 1970,1125 1825,1125"/>
                    <TextEquiv>
                        <Unicode>aliquando</Unicode>
                    </TextEquiv>
                    <TextStyle fontFamily="Times New Roman" fontSize="8.0"/>
                </Word>
                <Word id="w_w2aab1c13b2b1b1b1c21" language="English" custom="readingOrder {index:4;}">
                    <Coords points="1990,1095 2115,1095 2115,1120 1990,1120"/>
                    <TextEquiv>
                        <Unicode>scribetis</Unicode>
                    </TextEquiv>
                    <TextStyle fontFamily="Times New Roman" fontSize="8.0"/>
                </Word>
                <TextEquiv>
                    <Unicode>(CO 74) Item aliquando scribetis</Unicode>
                </TextEquiv>
            </TextLine>
            <TextEquiv>
                <Unicode>(CO 74) Item aliquando scribetis</Unicode>
            </TextEquiv>
        </TextRegion>
        <SeparatorRegion id="r_8" custom="readingOrder {index:14;}">
            <Coords points="917,128 926,128 926,1122 917,1122"/>
        </SeparatorRegion>
        <SeparatorRegion id="r_9" custom="readingOrder {index:15;}">
            <Coords points="1528,330 1536,330 1536,1123 1528,1123"/>
        </SeparatorRegion>
    </Page>
</PcGts>
