2481 1749
393 787 403 822 (
405 783 468 816 18
472 784 483 825 )
509 784 599 826 Item
628 784 909 826 quandocunque

351 826 463 857 diccio
487 827 658 867 incipiens
669 836 735 867 per
746 828 908 858 vocalem

351 868 509 909 sequitur
542 868 744 901 immediate
781 868 909 901 diccio-

351 920 433 942 nem
455 911 491 942 in
512 911 630 943 vocali
652 911 908 948 terminantem,

352 952 411 982 ille
436 953 504 982 due
527 953 672 982 vocales
688 962 754 993 pro
771 962 842 982 una
853 953 910 983 sil-

353 993 436 1024 laba
458 998 717 1034 computentur,
747 996 832 1025 dum
858 1000 910 1025 ta¬

354 1045 436 1068 men
447 1035 601 1069 debeant
615 1035 826 1076 conjunctim
836 1036 911 1070 sine

958 78 981 112 j]
1002 82 1036 106 cn
1056 82 1113 107 lieu
1133 82 1166 106 de
1180 88 1196 104 »
1214 77 1312 112 [come]
1329 84 1456 111 espernez
1467 88 1518 112 pur

959 119 1101 147 enpernez.

1008 260 1045 295 (H
1058 264 1103 298 34)
1120 264 1166 294 .Et
1185 270 1200 286 a
1220 260 1247 286 la
1263 260 1348 286 foitlie
1369 260 1518 286 escrivevez

960 304 974 321 ■r
985 299 1035 329 pur
1046 299 1108 325 bele
1120 297 1262 330 escripture
1275 305 1349 322 come
1359 305 1458 321 mesme
1468 305 1519 330 pur

963 340 1056 366 meine,
1075 336 1207 361 treschier
1225 336 1274 365 pur
1287 334 1415 357 trechier.

1004 687 1052 729 (H
1066 700 1106 729 95
1131 689 1184 724 CO
1197 689 1251 730 97)
1284 692 1365 721 Item
1386 693 1486 731 prima
1507 703 1643 732 persona
1665 694 1758 723 futuri
1781 694 1930 733 temporis
1955 695 2134 724 terminabit

962 732 994 761 in
1017 743 1056 769 ay
1079 739 1112 763 et
1134 736 1231 765 tercia
1252 743 1390 772 persona
1411 736 1444 764 in
1466 745 1495 764 a.

1007 785 1056 826 (H
1070 788 1124 827 3g)
1140 788 1230 820 Item
1246 787 1389 828 quando
1403 787 1521 829 aliqua

965 827 1078 859 diccio
1095 830 1264 870 incipiens
1280 839 1345 869 per
1359 831 1521 861 vocalem

964 869 1121 911 sequitur
1168 871 1324 912 aliquam
1357 871 1521 903 sillabam

964 911 1212 946 terminantem
1223 913 1259 945 in
1273 913 1399 955 vocali,
1415 924 1522 946 voca¬

964 954 1008 983 lis
1038 955 1227 985 anterioris
1260 955 1385 985 sillabe
1415 956 1524 986 debet

964 996 1178 1035 pretermitti
1233 1001 1269 1028 et
1323 1007 1522 1029 consonans

965 1037 1061 1078 quod
1098 1037 1301 1078 adjungitur
1328 1038 1437 1071 debet
1460 1041 1521 1072 ad-

1570 82 1585 107 *r
1609 82 1639 107 in
1668 82 1727 108 loco
1753 89 1773 106 tt
1797 85 1826 106 u.t
1853 86 1983 114 espernez
2010 93 2060 116 pro
2087 94 2133 110 en¬

1564 120 1677 147 pernez.

1611 163 1652 189 (CO
1664 165 1697 191 19)
1713 164 1770 184 Item
1784 163 1803 183 si
1816 164 1833 183 i/
1846 163 1959 185 scribatur
1973 169 2027 190 post
2043 173 2055 187 e
2070 172 2094 190 et
2108 176 2132 190 m

1570 187 1702 210 immediate
1732 189 1885 214 subsequitur,
1911 190 1929 210 d
1949 195 2027 216 potest
2049 195 2131 213 mutari

1573 190 1640 243 in s.
1619 261 1677 296 (CO
1690 263 1735 296 21)
1754 264 1823 288 Item
1842 264 2066 297 quandocumque
2079 264 2131 291 liec

1572 298 1662 324 littera
1679 307 1693 323 s
1713 299 1839 324 scribitur
1848 303 1911 332 post
1919 300 2048 330 vocalem,
2069 301 2092 326 si
2105 310 2131 326 m

1572 334 1725 359 immediate
1745 335 1926 367 subsequitur,
1946 344 1961 360 §
1982 344 2037 359 non
2049 337 2132 360 debet

1571 370 1663 396 sonari
1680 371 1710 395 ut
1736 371 1913 397 mandasmes
1914 370 1920 405 ,
1944 370 2043 405 fismes
2045 373 2052 403 ,
2083 373 2130 397 du-

1570 414 1660 432 resme
1661 425 1668 431 .

1611 453 1652 478 (CO
1661 452 1695 478 93)
1710 452 1769 473 Item
1783 453 1971 478 quandocumque
1989 461 2012 474 m
2027 454 2131 478 sequitur

1570 485 1582 499 e
1602 478 1639 500 vel
1662 478 1673 500 i
1692 477 1714 499 in
1736 477 1831 499 diversis
1846 477 1936 500 stilabis
1950 483 1973 501 et
1988 478 2010 501 in
2026 486 2071 500 una
2085 479 2130 501 dic*

1571 511 1644 529 eione,
1659 512 1670 525 s
1686 503 1757 525 debet
1771 505 1884 530 interponi
1895 510 1921 527 ut
1927 506 2131 532 duresme,fismes,

1563 530 1673 555 feismes.

1611 566 1635 597 (Ç
1637 567 1651 588 0
1661 566 1697 594 94)
1723 568 1780 588 Item
1806 568 1992 598 quandocumque
2016 576 2032 589 a
2055 573 2091 589 est
2109 569 2131 589 in

1570 599 1607 614 me
1609 599 1623 614 a
1625 592 1631 613 i
1633 599 1647 614 a
1660 591 1744 613 sillaba
1753 592 1863 614 diccionis
1874 598 1898 615 et
1907 600 1930 615 m
1940 593 2071 616 immediate
2079 594 2131 616 sub¬

1571 618 1681 644 sequitur,
1696 626 1708 639 s
1721 619 1791 640 debet
1814 620 1927 646 interponi
1946 623 1971 641 ut
1983 621 2133 642 mandasmes

1571 650 1617 664 non
1630 644 1733 664 sonando
1746 652 1766 667 s»

1619 787 1687 828 (CO
1703 788 1756 829 22)
1779 789 1870 821 Item
1894 789 2132 830 quandocum¬

1575 841 1645 870 que
1692 831 1804 863 diccio
1849 831 2018 871 incipiens
2068 841 2133 871 per

1574 873 1737 904 vocalem
1774 873 1934 913 sequitur
1971 873 2133 904 sillabam

1574 915 1821 947 terminantem
1836 915 1872 947 in
1888 915 2015 952 vocali,
2028 925 2133 947 voca¬

1574 957 1618 987 lis
1651 957 1836 987 anterioris
1921 956 2046 987 sillabe
2076 957 2133 988 de¬

1578 999 1640 1029 bet
1652 998 1866 1038 pretermitti
1880 1003 1915 1029 et
1931 1009 2132 1029 consonans

1578 1041 1674 1081 quod
1702 1040 1770 1072 sibi
1797 1040 2000 1081 adjungitur
2024 1041 2132 1072 debet
