<?xml version="1.0" encoding="UTF-8" standalone="yes"?>
<PcGts xmlns="http://schema.primaresearch.org/PAGE/gts/pagecontent/2013-07-15" xmlns:xsi="http://www.w3.org/2001/XMLSchema-instance" xsi:schemaLocation="http://schema.primaresearch.org/PAGE/gts/pagecontent/2013-07-15 http://schema.primaresearch.org/PAGE/gts/pagecontent/2013-07-15/pagecontent.xsd">
    <Metadata>
        <Creator>Transkribus</Creator>
        <Created>2019-11-18T12:13:05.034+01:00</Created>
        <LastChange>2019-11-20T13:31:24.202+01:00</LastChange>
        <Comments>
                Measurement unit: pixel
                PrimaryLanguage: English
                Language: OldGerman
                Language: OldFrench
                Language: Latin
                Producer: Transkribus
            </Comments>
        <TranskribusMetadata docId="254086" pageId="11121551" pageNr="3" tsid="19626020" status="GT" userId="40012" imgUrl="https://files.transkribus.eu/Get?id=ZRLOCKVRQNJHDOZCRZHUWTJJ&amp;fileType=view" xmlUrl="https://files.transkribus.eu/Get?id=NTWLGFOOEAXGTFAWSKOEHBPF" imageId="7587572"/>
    </Metadata>
    <Page imageFilename="254086_0003_11121551.jpg" imageWidth="2481" imageHeight="1749">
        <ReadingOrder>
            <OrderedGroup id="ro_1633103361559" caption="Regions reading order">
                <RegionRefIndexed index="0" regionRef="region_1574082341308_327"/>
                <RegionRefIndexed index="1" regionRef="r_5_1"/>
                <RegionRefIndexed index="2" regionRef="r_5_2"/>
                <RegionRefIndexed index="3" regionRef="r_5_3"/>
                <RegionRefIndexed index="4" regionRef="r_5_4"/>
                <RegionRefIndexed index="5" regionRef="r_3_1"/>
                <RegionRefIndexed index="6" regionRef="r_5_5"/>
                <RegionRefIndexed index="7" regionRef="r_5_6"/>
                <RegionRefIndexed index="8" regionRef="r_5_7"/>
                <RegionRefIndexed index="9" regionRef="r_5_8"/>
                <RegionRefIndexed index="10" regionRef="r_4_1"/>
                <RegionRefIndexed index="11" regionRef="r_5_9"/>
                <RegionRefIndexed index="12" regionRef="r_5_10"/>
                <RegionRefIndexed index="13" regionRef="r_5_11"/>
                <RegionRefIndexed index="14" regionRef="r_5_12"/>
                <RegionRefIndexed index="15" regionRef="r_5_13"/>
                <RegionRefIndexed index="16" regionRef="r_5_14"/>
                <RegionRefIndexed index="17" regionRef="r_5_15"/>
                <RegionRefIndexed index="18" regionRef="r_5_16"/>
                <RegionRefIndexed index="19" regionRef="r_5_17"/>
                <RegionRefIndexed index="20" regionRef="r_5_18"/>
                <RegionRefIndexed index="21" regionRef="r_5_19"/>
                <RegionRefIndexed index="22" regionRef="r_5_20"/>
                <RegionRefIndexed index="23" regionRef="r_5_21"/>
                <RegionRefIndexed index="24" regionRef="r_5_22"/>
                <RegionRefIndexed index="25" regionRef="r_5_23"/>
                <RegionRefIndexed index="26" regionRef="r_5_24"/>
                <RegionRefIndexed index="27" regionRef="r_5_25"/>
            </OrderedGroup>
        </ReadingOrder>
        <TextRegion id="region_1574082341308_327" custom="readingOrder {index:0;}">
            <Coords points="0,0 2481,0 2481,1749 0,1749"/>
            <TextLine id="line_1574082999628_397" custom="readingOrder {index:0;}">
                <Coords points="329,146 329,531 279,531 279,146"/>
                <Baseline points="284,146 284,531"/>
                <TextEquiv>
                    <Unicode>Altfranzös. Bibliothek. VIII.</Unicode>
                </TextEquiv>
            </TextLine>
            <TextEquiv>
                <Unicode>Altfranzös. Bibliothek. VIII.</Unicode>
            </TextEquiv>
        </TextRegion>
        <TextRegion type="paragraph" id="r_5_1" custom="readingOrder {index:1;}">
            <Coords points="453,103 2119,103 2119,148 453,148"/>
            <TextLine id="tl_5" primaryLanguage="English" custom="readingOrder {index:0;}">
                <Coords points="454,104 2118,104 2118,147 454,147"/>
                <Baseline points="454,139 491,132 519,138 532,140 604,132 760,131 887,134 971,126 1036,136 1137,139 1235,136 1330,135 1386,135 1489,136 1544,128 1589,136 1747,137 1865,137 1902,137 1948,139 2118,146"/>
                <Word id="w_w2aab1b9b2b1b1ab1" language="English" custom="readingOrder {index:0;}">
                    <Coords points="454,104 491,104 491,139 454,139"/>
                    <TextEquiv>
                        <Unicode>(H</Unicode>
                    </TextEquiv>
                    <TextStyle fontFamily="Times New Roman" fontSize="8.0"/>
                </Word>
                <Word id="w_w2aab1b9b2b1b1ab7" language="English" custom="readingOrder {index:1;}">
                    <Coords points="504,112 519,112 519,138 504,138"/>
                    <TextEquiv>
                        <Unicode>7</Unicode>
                    </TextEquiv>
                    <TextStyle fontFamily="Times New Roman" fontSize="8.0"/>
                </Word>
                <Word id="w_w2aab1b9b2b1b1ac11" language="English" custom="readingOrder {index:2;}">
                    <Coords points="523,107 532,107 532,141 523,141"/>
                    <TextEquiv>
                        <Unicode>)</Unicode>
                    </TextEquiv>
                    <TextStyle fontFamily="Times New Roman" fontSize="8.0"/>
                </Word>
                <Word id="w_w2aab1b9b2b1b1b1b1" language="English" custom="readingOrder {index:3;}">
                    <Coords points="590,112 682,112 682,133 590,133"/>
                    <TextEquiv>
                        <Unicode>overte</Unicode>
                    </TextEquiv>
                    <TextStyle fontFamily="Times New Roman" fontSize="9.0" italic="true"/>
                </Word>
                <Word id="w_w2aab1b9b2b1b1b2b1" language="English" custom="readingOrder {index:4;}">
                    <Coords points="699,111 782,111 782,138 699,138"/>
                    <TextEquiv>
                        <Unicode>ment,</Unicode>
                    </TextEquiv>
                    <TextStyle fontFamily="Times New Roman" fontSize="9.0" italic="true"/>
                </Word>
                <Word id="w_w2aab1b9b2b1b1b4b1" language="English" custom="readingOrder {index:5;}">
                    <Coords points="807,108 941,108 941,135 807,135"/>
                    <TextEquiv>
                        <Unicode>zwischen</Unicode>
                    </TextEquiv>
                    <TextStyle fontFamily="Times New Roman" fontSize="8.0"/>
                </Word>
                <Word id="w_w2aab1b9b2b1b1b5b1" language="English" custom="readingOrder {index:6;}">
                    <Coords points="963,112 1000,112 1000,133 963,133"/>
                    <TextEquiv>
                        <Unicode>-te</Unicode>
                    </TextEquiv>
                    <TextStyle fontFamily="Times New Roman" fontSize="9.0" italic="true"/>
                </Word>
                <Word id="w_w2aab1b9b2b1b1b6b3" language="English" custom="readingOrder {index:7;}">
                    <Coords points="1019,114 1076,114 1076,139 1019,139"/>
                    <TextEquiv>
                        <Unicode>und</Unicode>
                    </TextEquiv>
                    <TextStyle fontFamily="Times New Roman" fontSize="8.0"/>
                </Word>
                <Word id="w_w2aab1b9b2b1b1b7b1" language="English" custom="readingOrder {index:8;}">
                    <Coords points="1096,117 1170,117 1170,139 1096,139"/>
                    <TextEquiv>
                        <Unicode>ment</Unicode>
                    </TextEquiv>
                    <TextStyle fontFamily="Times New Roman" fontSize="9.0" italic="true"/>
                </Word>
                <Word id="w_w2aab1b9b2b1b1b9b1" language="English" custom="readingOrder {index:9;}">
                    <Coords points="1192,112 1235,112 1235,137 1192,137"/>
                    <TextEquiv>
                        <Unicode>ein</Unicode>
                    </TextEquiv>
                    <TextStyle fontFamily="Times New Roman" fontSize="8.0"/>
                </Word>
                <Word id="w_w2aab1b9b2b1b1b9b9" language="English" custom="readingOrder {index:10;}">
                    <Coords points="1254,111 1330,111 1330,135 1254,135"/>
                    <TextEquiv>
                        <Unicode>Loch</Unicode>
                    </TextEquiv>
                    <TextStyle fontFamily="Times New Roman" fontSize="8.0"/>
                </Word>
                <Word id="w_w2aab1b9b2b1b1b9c19" language="English" custom="readingOrder {index:11;}">
                    <Coords points="1351,111 1386,111 1386,135 1351,135"/>
                    <TextEquiv>
                        <Unicode>im</Unicode>
                    </TextEquiv>
                    <TextStyle fontFamily="Times New Roman" fontSize="8.0"/>
                </Word>
                <Word id="w_w2aab1b9b2b1b1b9c25" language="English" custom="readingOrder {index:12;}">
                    <Coords points="1406,110 1489,110 1489,136 1406,136"/>
                    <TextEquiv>
                        <Unicode>Blatt.</Unicode>
                    </TextEquiv>
                    <TextStyle fontFamily="Times New Roman" fontSize="8.0"/>
                </Word>
                <Word id="w_w2aab1b9b2b1b1b9c39" language="English" custom="readingOrder {index:13;}">
                    <Coords points="1512,124 1544,124 1544,128 1512,128"/>
                    <TextEquiv>
                        <Unicode>—</Unicode>
                    </TextEquiv>
                    <TextStyle fontFamily="Times New Roman" fontSize="8.0"/>
                </Word>
                <Word id="w_w2aab1b9b2b1b1b9c43" language="English" custom="readingOrder {index:14;}">
                    <Coords points="1563,111 1621,111 1621,136 1563,136"/>
                    <TextEquiv>
                        <Unicode>Vor</Unicode>
                    </TextEquiv>
                    <TextStyle fontFamily="Times New Roman" fontSize="8.0"/>
                </Word>
                <Word id="w_w2aab1b9b2b1b1c10b1" language="English" custom="readingOrder {index:15;}">
                    <Coords points="1644,111 1747,111 1747,144 1644,144"/>
                    <TextEquiv>
                        <Unicode>Ovesqe</Unicode>
                    </TextEquiv>
                    <TextStyle fontFamily="Times New Roman" fontSize="9.0" italic="true"/>
                </Word>
                <Word id="w_w2aab1b9b2b1b1c10c15" language="English" custom="readingOrder {index:16;}">
                    <Coords points="1768,113 1865,113 1865,137 1768,137"/>
                    <TextEquiv>
                        <Unicode>double</Unicode>
                    </TextEquiv>
                    <TextStyle fontFamily="Times New Roman" fontSize="9.0" italic="true"/>
                </Word>
                <Word id="w_w2aab1b9b2b1b1c10c29" language="English" custom="readingOrder {index:17;}">
                    <Coords points="1889,122 1918,122 1918,138 1889,138"/>
                    <TextEquiv>
                        <Unicode>ee</Unicode>
                    </TextEquiv>
                    <TextStyle fontFamily="Times New Roman" fontSize="9.0" italic="true"/>
                </Word>
                <Word id="w_w2aab1b9b2b1b1c11b3" language="English" custom="readingOrder {index:18;}">
                    <Coords points="1936,119 2009,119 2009,144 1936,144"/>
                    <TextEquiv>
                        <Unicode>steht</Unicode>
                    </TextEquiv>
                    <TextStyle fontFamily="Times New Roman" fontSize="8.0"/>
                </Word>
                <Word id="w_w2aab1b9b2b1b1c12b1" language="English" custom="readingOrder {index:19;}">
                    <Coords points="2031,119 2118,119 2118,146 2031,146"/>
                    <TextEquiv>
                        <Unicode>Cotne.</Unicode>
                    </TextEquiv>
                    <TextStyle fontFamily="Times New Roman" fontSize="9.0" italic="true"/>
                </Word>
                <TextEquiv>
                    <Unicode>(H 7) overte ment, zwischen -te und ment ein Loch im Blatt. — Vor Ovesqe double ee steht Come.</Unicode>
                </TextEquiv>
            </TextLine>
            <TextEquiv>
                <Unicode>(H 7) overte ment, zwischen -te und ment ein Loch im Blatt. — Vor Ovesqe double ee steht Come.</Unicode>
            </TextEquiv>
        </TextRegion>
        <TextRegion type="paragraph" id="r_5_2" custom="readingOrder {index:2;}">
            <Coords points="453,139 923,139 923,179 453,179"/>
            <TextLine id="tl_6" primaryLanguage="English" custom="readingOrder {index:0;}">
                <Coords points="454,140 922,140 922,178 454,178"/>
                <Baseline points="454,174 488,168 515,175 601,169 715,168 771,162 922,168"/>
                <Word id="w_w2aab1b9b2b3b1ab1" language="English" custom="readingOrder {index:0;}">
                    <Coords points="454,140 488,140 488,174 454,174"/>
                    <TextEquiv>
                        <Unicode>(0</Unicode>
                    </TextEquiv>
                    <TextStyle fontFamily="Times New Roman" fontSize="8.0"/>
                </Word>
                <Word id="w_w2aab1b9b2b3b1ab7" language="English" custom="readingOrder {index:1;}">
                    <Coords points="502,141 529,141 529,177 502,177"/>
                    <TextEquiv>
                        <Unicode>5)</Unicode>
                    </TextEquiv>
                    <TextStyle fontFamily="Times New Roman" fontSize="8.0"/>
                </Word>
                <Word id="w_w2aab1b9b2b3b1b1b1" language="English" custom="readingOrder {index:2;}">
                    <Coords points="589,147 618,147 618,169 589,169"/>
                    <TextEquiv>
                        <Unicode>in</Unicode>
                    </TextEquiv>
                    <TextStyle fontFamily="Times New Roman" fontSize="9.0" italic="true"/>
                </Word>
                <Word id="w_w2aab1b9b2b3b1b2b3" language="English" custom="readingOrder {index:3;}">
                    <Coords points="640,144 715,144 715,168 640,168"/>
                    <TextEquiv>
                        <Unicode>fehlt.</Unicode>
                    </TextEquiv>
                    <TextStyle fontFamily="Times New Roman" fontSize="8.0"/>
                </Word>
                <Word id="w_w2aab1b9b2b3b1b2c17" language="English" custom="readingOrder {index:4;}">
                    <Coords points="737,145 771,145 771,169 737,169"/>
                    <TextEquiv>
                        <Unicode>—</Unicode>
                    </TextEquiv>
                    <TextStyle fontFamily="Times New Roman" fontSize="8.0"/>
                </Word>
                <Word id="w_w2aab1b9b2b3b1b3b1" language="English" custom="readingOrder {index:5;}">
                    <Coords points="791,145 922,145 922,170 791,170"/>
                    <TextEquiv>
                        <Unicode>honoure.</Unicode>
                    </TextEquiv>
                    <TextStyle fontFamily="Times New Roman" fontSize="9.0" italic="true"/>
                </Word>
                <TextEquiv>
                    <Unicode>(O 5) in fehlt. — honoure.</Unicode>
                </TextEquiv>
            </TextLine>
            <TextEquiv>
                <Unicode>(O 5) in fehlt. — honoure.</Unicode>
            </TextEquiv>
        </TextRegion>
        <TextRegion type="paragraph" id="r_5_3" custom="readingOrder {index:3;}">
            <Coords points="453,175 2118,175 2118,224 453,224"/>
            <TextLine id="tl_7" primaryLanguage="English" custom="readingOrder {index:0;}">
                <Coords points="454,176 2117,176 2117,223 454,223"/>
                <Baseline points="454,211 490,204 516,212 533,197 543,212 644,202 673,203 894,203 932,212 1054,207 1090,209 1219,206 1282,205 1406,205 1536,206 1634,200 1707,208 1767,206 1898,207 1958,208 2117,210"/>
                <Word id="w_w2aab1b9b2b5b1ab1" language="English" custom="readingOrder {index:0;}">
                    <Coords points="454,176 490,176 490,211 454,211"/>
                    <TextEquiv>
                        <Unicode>(0</Unicode>
                    </TextEquiv>
                    <TextStyle fontFamily="Times New Roman" fontSize="8.0"/>
                </Word>
                <Word id="w_w2aab1b9b2b5b1ab7" language="English" custom="readingOrder {index:1;}">
                    <Coords points="503,185 516,185 516,212 503,212"/>
                    <TextEquiv>
                        <Unicode>5</Unicode>
                    </TextEquiv>
                    <TextStyle fontFamily="Times New Roman" fontSize="8.0"/>
                </Word>
                <Word id="w_w2aab1b9b2b5b1b1b1" language="English" custom="readingOrder {index:2;}">
                    <Coords points="520,185 533,185 533,197 520,197"/>
                    <TextEquiv>
                        <Unicode>a</Unicode>
                    </TextEquiv>
                    <TextStyle fontFamily="Times New Roman" fontSize="8.0" superscript="true"/>
                </Word>
                <Word id="w_w2aab1b9b2b5b1b2b1" language="English" custom="readingOrder {index:3;}">
                    <Coords points="534,179 543,179 543,213 534,213"/>
                    <TextEquiv>
                        <Unicode>)</Unicode>
                    </TextEquiv>
                    <TextStyle fontFamily="Times New Roman" fontSize="8.0"/>
                </Word>
                <Word id="w_w2aab1b9b2b5b1b3b1" language="English" custom="readingOrder {index:4;}">
                    <Coords points="588,181 644,181 644,204 588,204"/>
                    <TextEquiv>
                        <Unicode>Sed</Unicode>
                    </TextEquiv>
                    <TextStyle fontFamily="Times New Roman" fontSize="9.0" italic="true"/>
                </Word>
                <Word id="w_w2aab1b9b2b5b1b3b9" language="English" custom="readingOrder {index:5;}">
                    <Coords points="662,180 691,180 691,203 662,203"/>
                    <TextEquiv>
                        <Unicode>in</Unicode>
                    </TextEquiv>
                    <TextStyle fontFamily="Times New Roman" fontSize="9.0" italic="true"/>
                </Word>
                <Word id="w_w2aab1b9b2b5b1b4b1" language="English" custom="readingOrder {index:6;}">
                    <Coords points="710,181 894,181 894,205 710,205"/>
                    <TextEquiv>
                        <Unicode>substantivis</Unicode>
                    </TextEquiv>
                    <TextStyle fontFamily="Times New Roman" fontSize="9.0" italic="true"/>
                </Word>
                <Word id="w_w2aab1b9b2b5b1b4c27" language="English" custom="readingOrder {index:7;}">
                    <Coords points="906,179 1002,179 1002,212 906,212"/>
                    <TextEquiv>
                        <Unicode>faciet</Unicode>
                    </TextEquiv>
                    <TextStyle fontFamily="Times New Roman" fontSize="9.0" italic="true"/>
                </Word>
                <Word id="w_w2aab1b9b2b5b1b5b1" language="English" custom="readingOrder {index:8;}">
                    <Coords points="1020,187 1054,187 1054,207 1020,207"/>
                    <TextEquiv>
                        <Unicode>ut</Unicode>
                    </TextEquiv>
                    <TextStyle fontFamily="Times New Roman" fontSize="9.0" italic="true"/>
                </Word>
                <Word id="w_w2aab1b9b2b5b1b5b7" language="English" custom="readingOrder {index:9;}">
                    <Coords points="1071,184 1122,184 1122,219 1071,219"/>
                    <TextEquiv>
                        <Unicode>utt]</Unicode>
                    </TextEquiv>
                    <TextStyle fontFamily="Times New Roman" fontSize="9.0" italic="true"/>
                </Word>
                <Word id="w_w2aab1b9b2b5b1b6b1" language="English" custom="readingOrder {index:10;}">
                    <Coords points="1150,184 1219,184 1219,208 1150,208"/>
                    <TextEquiv>
                        <Unicode>Nisi</Unicode>
                    </TextEquiv>
                    <TextStyle fontFamily="Times New Roman" fontSize="9.0" italic="true"/>
                </Word>
                <Word id="w_w2aab1b9b2b5b1b6c11" language="English" custom="readingOrder {index:11;}">
                    <Coords points="1244,183 1282,183 1282,205 1244,205"/>
                    <TextEquiv>
                        <Unicode>ad</Unicode>
                    </TextEquiv>
                    <TextStyle fontFamily="Times New Roman" fontSize="9.0" italic="true"/>
                </Word>
                <Word id="w_w2aab1b9b2b5b1b6c17" language="English" custom="readingOrder {index:12;}">
                    <Coords points="1308,183 1499,183 1499,214 1308,214"/>
                    <TextEquiv>
                        <Unicode>differendam</Unicode>
                    </TextEquiv>
                    <TextStyle fontFamily="Times New Roman" fontSize="9.0" italic="true"/>
                </Word>
                <Word id="w_w2aab1b9b2b5b1b7b1" language="English" custom="readingOrder {index:13;}">
                    <Coords points="1520,191 1579,191 1579,207 1520,207"/>
                    <TextEquiv>
                        <Unicode>vne.</Unicode>
                    </TextEquiv>
                    <TextStyle fontFamily="Times New Roman" fontSize="9.0" italic="true"/>
                </Word>
                <Word id="w_w2aab1b9b2b5b1b8b3" language="English" custom="readingOrder {index:14;}">
                    <Coords points="1601,196 1634,196 1634,200 1601,200"/>
                    <TextEquiv>
                        <Unicode>—</Unicode>
                    </TextEquiv>
                    <TextStyle fontFamily="Times New Roman" fontSize="8.0"/>
                </Word>
                <Word id="w_w2aab1b9b2b5b1b8b7" language="English" custom="readingOrder {index:15;}">
                    <Coords points="1655,183 1707,183 1707,208 1655,208"/>
                    <TextEquiv>
                        <Unicode>Ein</Unicode>
                    </TextEquiv>
                    <TextStyle fontFamily="Times New Roman" fontSize="8.0"/>
                </Word>
                <Word id="w_w2aab1b9b2b5b1b8c15" language="English" custom="readingOrder {index:16;}">
                    <Coords points="1724,183 1767,183 1767,206 1724,206"/>
                    <TextEquiv>
                        <Unicode>für</Unicode>
                    </TextEquiv>
                    <TextStyle fontFamily="Times New Roman" fontSize="8.0"/>
                </Word>
                <Word id="w_w2aab1b9b2b5b1b8c23" language="English" custom="readingOrder {index:17;}">
                    <Coords points="1788,183 1898,183 1898,207 1788,207"/>
                    <TextEquiv>
                        <Unicode>allemal</Unicode>
                    </TextEquiv>
                    <TextStyle fontFamily="Times New Roman" fontSize="8.0"/>
                </Word>
                <Word id="w_w2aab1b9b2b5b1b8c39" language="English" custom="readingOrder {index:18;}">
                    <Coords points="1918,184 1958,184 1958,208 1918,208"/>
                    <TextEquiv>
                        <Unicode>sei</Unicode>
                    </TextEquiv>
                    <TextStyle fontFamily="Times New Roman" fontSize="8.0"/>
                </Word>
                <Word id="w_w2aab1b9b2b5b1b8c47" language="English" custom="readingOrder {index:19;}">
                    <Coords points="1977,185 2117,185 2117,210 1977,210"/>
                    <TextEquiv>
                        <Unicode>bemerkt:</Unicode>
                    </TextEquiv>
                    <TextStyle fontFamily="Times New Roman" fontSize="8.0"/>
                </Word>
                <TextEquiv>
                    <Unicode>(O 5a) Sed in substantivis faciet ut un] Nisi ad differendam vne. — Ein für allemal sei bemerkt:</Unicode>
                </TextEquiv>
            </TextLine>
            <TextEquiv>
                <Unicode>(O 5a) Sed in substantivis faciet ut un] Nisi ad differendam vne. — Ein für allemal sei bemerkt:</Unicode>
            </TextEquiv>
        </TextRegion>
        <TextRegion type="paragraph" id="r_5_4" custom="readingOrder {index:4;}">
            <Coords points="583,210 2117,210 2117,319 583,319"/>
            <TextLine id="tl_8" primaryLanguage="English" custom="readingOrder {index:0;}">
                <Coords points="586,211 2115,211 2115,255 586,255"/>
                <Baseline points="586,238 640,238 806,239 857,239 1092,245 1194,251 1242,241 1275,241 1367,248 1435,242 1531,242 1624,243 1694,244 1741,242 1785,244 1862,243 1952,243 2039,245 2115,245"/>
                <Word id="w_w2aab1b9b2b7b1ab1" language="English" custom="readingOrder {index:0;}">
                    <Coords points="586,214 640,214 640,238 586,238"/>
                    <TextEquiv>
                        <Unicode>Die</Unicode>
                    </TextEquiv>
                    <TextStyle fontFamily="Times New Roman" fontSize="8.0"/>
                </Word>
                <Word id="w_w2aab1b9b2b7b1ab9" language="English" custom="readingOrder {index:1;}">
                    <Coords points="666,215 806,215 806,245 666,245"/>
                    <TextEquiv>
                        <Unicode>englische</Unicode>
                    </TextEquiv>
                    <TextStyle fontFamily="Times New Roman" fontSize="8.0"/>
                </Word>
                <Word id="w_w2aab1b9b2b7b1ac29" language="English" custom="readingOrder {index:2;}">
                    <Coords points="830,215 1041,215 1041,249 830,249"/>
                    <TextEquiv>
                        <Unicode>Uebersetzung</Unicode>
                    </TextEquiv>
                    <TextStyle fontFamily="Times New Roman" fontSize="8.0"/>
                </Word>
                <Word id="w_w2aab1b9b2b7b1b1b1" language="English" custom="readingOrder {index:3;}">
                    <Coords points="1061,220 1092,220 1092,249 1061,249"/>
                    <TextEquiv>
                        <Unicode>(a</Unicode>
                    </TextEquiv>
                    <TextStyle fontFamily="Times New Roman" fontSize="9.0" italic="true"/>
                </Word>
                <Word id="w_w2aab1b9b2b7b1b1b7" language="English" custom="readingOrder {index:4;}">
                    <Coords points="1109,218 1194,218 1194,251 1109,251"/>
                    <TextEquiv>
                        <Unicode>shire)</Unicode>
                    </TextEquiv>
                    <TextStyle fontFamily="Times New Roman" fontSize="9.0" italic="true"/>
                </Word>
                <Word id="w_w2aab1b9b2b7b1b1c21" language="English" custom="readingOrder {index:5;}">
                    <Coords points="1214,216 1242,216 1242,247 1214,247"/>
                    <TextEquiv>
                        <Unicode>(a</Unicode>
                    </TextEquiv>
                    <TextStyle fontFamily="Times New Roman" fontSize="9.0" italic="true"/>
                </Word>
                <Word id="w_w2aab1b9b2b7b1b1c27" language="English" custom="readingOrder {index:6;}">
                    <Coords points="1262,221 1359,221 1359,242 1262,242"/>
                    <TextEquiv>
                        <Unicode>counte</Unicode>
                    </TextEquiv>
                    <TextStyle fontFamily="Times New Roman" fontSize="9.0" italic="true"/>
                </Word>
                <Word id="w_w2aab1b9b2b7b1b2b1" language="English" custom="readingOrder {index:7;}">
                    <Coords points="1360,218 1367,218 1367,248 1360,248"/>
                    <TextEquiv>
                        <Unicode>)</Unicode>
                    </TextEquiv>
                    <TextStyle fontFamily="Times New Roman" fontSize="8.0"/>
                </Word>
                <Word id="w_w2aab1b9b2b7b1b2b5" language="English" custom="readingOrder {index:8;}">
                    <Coords points="1386,221 1435,221 1435,242 1386,242"/>
                    <TextEquiv>
                        <Unicode>etc.</Unicode>
                    </TextEquiv>
                    <TextStyle fontFamily="Times New Roman" fontSize="8.0"/>
                </Word>
                <Word id="w_w2aab1b9b2b7b1b2c15" language="English" custom="readingOrder {index:9;}">
                    <Coords points="1459,218 1531,218 1531,243 1459,243"/>
                    <TextEquiv>
                        <Unicode>steht</Unicode>
                    </TextEquiv>
                    <TextStyle fontFamily="Times New Roman" fontSize="8.0"/>
                </Word>
                <Word id="w_w2aab1b9b2b7b1b2c27" language="English" custom="readingOrder {index:10;}">
                    <Coords points="1558,221 1624,221 1624,243 1558,243"/>
                    <TextEquiv>
                        <Unicode>stets</Unicode>
                    </TextEquiv>
                    <TextStyle fontFamily="Times New Roman" fontSize="8.0"/>
                </Word>
                <Word id="w_w2aab1b9b2b7b1b2c39" language="English" custom="readingOrder {index:11;}">
                    <Coords points="1644,226 1694,226 1694,244 1644,244"/>
                    <TextEquiv>
                        <Unicode>nur</Unicode>
                    </TextEquiv>
                    <TextStyle fontFamily="Times New Roman" fontSize="8.0"/>
                </Word>
                <Word id="w_w2aab1b9b2b7b1b2c47" language="English" custom="readingOrder {index:12;}">
                    <Coords points="1712,219 1741,219 1741,243 1712,243"/>
                    <TextEquiv>
                        <Unicode>in</Unicode>
                    </TextEquiv>
                    <TextStyle fontFamily="Times New Roman" fontSize="8.0"/>
                </Word>
                <Word id="w_w2aab1b9b2b7b1b2c53" language="English" custom="readingOrder {index:13;}">
                    <Coords points="1762,216 1785,216 1785,244 1762,244"/>
                    <TextEquiv>
                        <Unicode>0</Unicode>
                    </TextEquiv>
                    <TextStyle fontFamily="Times New Roman" fontSize="8.0"/>
                </Word>
                <Word id="w_w2aab1b9b2b7b1b2c57" language="English" custom="readingOrder {index:14;}">
                    <Coords points="1805,219 1862,219 1862,243 1805,243"/>
                    <TextEquiv>
                        <Unicode>und</Unicode>
                    </TextEquiv>
                    <TextStyle fontFamily="Times New Roman" fontSize="8.0"/>
                </Word>
                <Word id="w_w2aab1b9b2b7b1b2c65" language="English" custom="readingOrder {index:15;}">
                    <Coords points="1882,227 1952,227 1952,245 1882,245"/>
                    <TextEquiv>
                        <Unicode>zwar</Unicode>
                    </TextEquiv>
                    <TextStyle fontFamily="Times New Roman" fontSize="8.0"/>
                </Word>
                <Word id="w_w2aab1b9b2b7b1b2c75" language="English" custom="readingOrder {index:16;}">
                    <Coords points="1971,221 2039,221 2039,245 1971,245"/>
                    <TextEquiv>
                        <Unicode>über</Unicode>
                    </TextEquiv>
                    <TextStyle fontFamily="Times New Roman" fontSize="8.0"/>
                </Word>
                <Word id="w_w2aab1b9b2b7b1b2c85" language="English" custom="readingOrder {index:17;}">
                    <Coords points="2059,221 2115,221 2115,245 2059,245"/>
                    <TextEquiv>
                        <Unicode>den</Unicode>
                    </TextEquiv>
                    <TextStyle fontFamily="Times New Roman" fontSize="8.0"/>
                </Word>
                <TextEquiv>
                    <Unicode>Die englische Uebersetzung (a shire) (a counte) etc. steht stets nur in O und zwar über den</Unicode>
                </TextEquiv>
            </TextLine>
            <TextLine id="tl_9" primaryLanguage="English" custom="readingOrder {index:1;} textStyle {offset:52; length:2;fontSize:0.0; kerning:0; superscript:true;}">
                <Coords points="584,248 2116,248 2116,289 584,289"/>
                <Baseline points="584,273 773,274 921,273 1116,281 1181,278 1248,277 1382,276 1475,278 1625,279 1679,272 1861,287 2030,280 2116,274"/>
                <Word id="w_w2aab1b9b2b7b3ab1" language="English" custom="readingOrder {index:0;}">
                    <Coords points="584,250 773,250 773,274 584,274"/>
                    <TextEquiv>
                        <Unicode>betreffenden</Unicode>
                    </TextEquiv>
                    <TextStyle fontFamily="Times New Roman" fontSize="8.0"/>
                </Word>
                <Word id="w_w2aab1b9b2b7b3ac27" language="English" custom="readingOrder {index:1;}">
                    <Coords points="792,250 921,250 921,275 792,275"/>
                    <TextEquiv>
                        <Unicode>Wörtern</Unicode>
                    </TextEquiv>
                    <TextStyle fontFamily="Times New Roman" fontSize="8.0"/>
                </Word>
                <Word id="w_w2aab1b9b2b7b3ac43" language="English" custom="readingOrder {index:2;}">
                    <Coords points="941,250 1116,250 1116,281 941,281"/>
                    <TextEquiv>
                        <Unicode>gewöhnlich</Unicode>
                    </TextEquiv>
                    <TextStyle fontFamily="Times New Roman" fontSize="8.0"/>
                </Word>
                <Word id="w_w2aab1b9b2b7b3ac65" language="English" custom="readingOrder {index:3;}">
                    <Coords points="1134,255 1181,255 1181,280 1134,280"/>
                    <TextEquiv>
                        <Unicode>mit</Unicode>
                    </TextEquiv>
                    <TextStyle fontFamily="Times New Roman" fontSize="8.0"/>
                </Word>
                <Word id="w_w2aab1b9b2b7b3ac73" language="English" custom="readingOrder {index:4;}">
                    <Coords points="1200,253 1248,253 1248,277 1200,277"/>
                    <TextEquiv>
                        <Unicode>der</Unicode>
                    </TextEquiv>
                    <TextStyle fontFamily="Times New Roman" fontSize="8.0"/>
                </Word>
                <Word id="w_w2aab1b9b2b7b3ac81" language="English" custom="readingOrder {index:5;}">
                    <Coords points="1265,253 1439,253 1439,284 1265,284"/>
                    <TextEquiv>
                        <Unicode>Bemerkung</Unicode>
                    </TextEquiv>
                    <TextStyle fontFamily="Times New Roman" fontSize="8.0"/>
                </Word>
                <Word id="w_w2aab1b9b2b7b3b1b1" language="English" custom="readingOrder {index:6;}">
                    <Coords points="1458,258 1520,258 1520,278 1458,278"/>
                    <TextEquiv>
                        <Unicode>an“</Unicode>
                    </TextEquiv>
                    <TextStyle fontFamily="Times New Roman" fontSize="9.0" italic="true"/>
                </Word>
                <Word id="w_w2aab1b9b2b7b3b2b3" language="English" custom="readingOrder {index:7;}">
                    <Coords points="1535,254 1625,254 1625,279 1535,279"/>
                    <TextEquiv>
                        <Unicode>davor.</Unicode>
                    </TextEquiv>
                    <TextStyle fontFamily="Times New Roman" fontSize="8.0"/>
                </Word>
                <Word id="w_w2aab1b9b2b7b3b2c17" language="English" custom="readingOrder {index:8;}">
                    <Coords points="1646,254 1679,254 1679,278 1646,278"/>
                    <TextEquiv>
                        <Unicode>—</Unicode>
                    </TextEquiv>
                    <TextStyle fontFamily="Times New Roman" fontSize="8.0"/>
                </Word>
                <Word id="w_w2aab1b9b2b7b3b3b1" language="English" custom="readingOrder {index:9;}">
                    <Coords points="1701,253 1861,253 1861,287 1701,287"/>
                    <TextEquiv>
                        <Unicode>diversitas']</Unicode>
                    </TextEquiv>
                    <TextStyle fontFamily="Times New Roman" fontSize="9.0" italic="true"/>
                </Word>
                <Word id="w_w2aab1b9b2b7b3b3c27" language="English" custom="readingOrder {index:10;}">
                    <Coords points="1883,255 2054,255 2054,289 1883,289"/>
                    <TextEquiv>
                        <Unicode>differenda,</Unicode>
                    </TextEquiv>
                    <TextStyle fontFamily="Times New Roman" fontSize="9.0" italic="true"/>
                </Word>
                <Word id="w_w2aab1b9b2b7b3b5b1" language="English" custom="readingOrder {index:11;}">
                    <Coords points="2081,270 2116,270 2116,274 2081,274"/>
                    <TextEquiv>
                        <Unicode>—</Unicode>
                    </TextEquiv>
                    <TextStyle fontFamily="Times New Roman" fontSize="8.0"/>
                </Word>
                <TextEquiv>
                    <Unicode>betreffenden Wörtern gewöhnlich mit der Bemerkung ance davor. — diversitas] differenda, —</Unicode>
                </TextEquiv>
            </TextLine>
            <TextLine id="tl_10" primaryLanguage="English" custom="readingOrder {index:2;}">
                <Coords points="587,286 1155,286 1155,318 587,318"/>
                <Baseline points="588,309 607,309 666,309 734,309 821,310 866,310 989,310 1082,315 1155,317"/>
                <Word id="w_w2aab1b9b2b7b5ab1" language="English" custom="readingOrder {index:0;}">
                    <Coords points="588,286 621,286 621,310 588,310"/>
                    <TextEquiv>
                        <Unicode>de</Unicode>
                    </TextEquiv>
                    <TextStyle fontFamily="Times New Roman" fontSize="9.0" italic="true"/>
                </Word>
                <Word id="w_w2aab1b9b2b7b5b1b1" language="English" custom="readingOrder {index:1;}">
                    <Coords points="641,287 666,287 666,310 641,310"/>
                    <TextEquiv>
                        <Unicode>le</Unicode>
                    </TextEquiv>
                    <TextStyle fontFamily="Times New Roman" fontSize="9.0" italic="true"/>
                </Word>
                <Word id="w_w2aab1b9b2b7b5b1b7" language="English" custom="readingOrder {index:2;}">
                    <Coords points="685,287 782,287 782,311 685,311"/>
                    <TextEquiv>
                        <Unicode>counte</Unicode>
                    </TextEquiv>
                    <TextStyle fontFamily="Times New Roman" fontSize="9.0" italic="true"/>
                </Word>
                <Word id="w_w2aab1b9b2b7b5b2b1" language="English" custom="readingOrder {index:3;}">
                    <Coords points="802,288 834,288 834,310 802,310"/>
                    <TextEquiv>
                        <Unicode>de</Unicode>
                    </TextEquiv>
                    <TextStyle fontFamily="Times New Roman" fontSize="9.0" italic="true"/>
                </Word>
                <Word id="w_w2aab1b9b2b7b5b3b1" language="English" custom="readingOrder {index:4;}">
                    <Coords points="854,287 902,287 902,310 854,310"/>
                    <TextEquiv>
                        <Unicode>fiel</Unicode>
                    </TextEquiv>
                    <TextStyle fontFamily="Times New Roman" fontSize="9.0" italic="true"/>
                </Word>
                <Word id="w_w2aab1b9b2b7b5b4b1" language="English" custom="readingOrder {index:5;}">
                    <Coords points="920,290 1017,290 1017,311 920,311"/>
                    <TextEquiv>
                        <Unicode>counte</Unicode>
                    </TextEquiv>
                    <TextStyle fontFamily="Times New Roman" fontSize="9.0" italic="true"/>
                </Word>
                <Word id="w_w2aab1b9b2b7b5b6b1" language="English" custom="readingOrder {index:6;}">
                    <Coords points="1037,290 1105,290 1105,318 1037,318"/>
                    <TextEquiv>
                        <Unicode>fehlt</Unicode>
                    </TextEquiv>
                    <TextStyle fontFamily="Times New Roman" fontSize="8.0"/>
                </Word>
                <Word id="w_w2aab1b9b2b7b5b7b1" language="English" custom="readingOrder {index:7;}">
                    <Coords points="1123,290 1155,290 1155,318 1123,318"/>
                    <TextEquiv>
                        <Unicode>0.</Unicode>
                    </TextEquiv>
                    <TextStyle fontFamily="Times New Roman" fontSize="8.0"/>
                </Word>
                <TextEquiv>
                    <Unicode>de le counte de fiel counte fehlt O.</Unicode>
                </TextEquiv>
            </TextLine>
            <TextEquiv>
                <Unicode>Die englische Uebersetzung (a shire) (a counte) etc. steht stets nur in O und zwar über den
betreffenden Wörtern gewöhnlich mit der Bemerkung ance davor. — diversitas] differenda, —
de le counte de fiel counte fehlt O.</Unicode>
            </TextEquiv>
        </TextRegion>
        <TextRegion type="paragraph" id="r_3_1" custom="readingOrder {index:5;}">
            <Coords points="373,337 418,337 418,363 373,363"/>
            <TextLine id="tl_3" primaryLanguage="English" custom="readingOrder {index:0;}">
                <Coords points="374,338 417,338 417,362 374,362"/>
                <Baseline points="374,362 417,362"/>
                <Word id="w_w2aab1b5b2b1b1ab1" language="English" custom="readingOrder {index:0;}">
                    <Coords points="374,338 417,338 417,362 374,362"/>
                    <TextEquiv>
                        <Unicode>III</Unicode>
                    </TextEquiv>
                    <TextStyle fontFamily="Times New Roman" fontSize="8.0"/>
                </Word>
                <TextEquiv>
                    <Unicode>III</Unicode>
                </TextEquiv>
                <TextStyle fontFamily="Times New Roman" fontSize="8.0"/>
            </TextLine>
            <TextEquiv>
                <Unicode>III</Unicode>
            </TextEquiv>
        </TextRegion>
        <TextRegion type="paragraph" id="r_5_5" custom="readingOrder {index:6;}">
            <Coords points="455,333 924,333 924,373 455,373"/>
            <TextLine id="tl_11" primaryLanguage="English" custom="readingOrder {index:0;}">
                <Coords points="456,334 923,334 923,372 456,372"/>
                <Baseline points="456,370 489,363 514,370 620,362 677,370 711,362 868,363 923,356"/>
                <Word id="w_w2aab1b9b2b9b1ab1" language="English" custom="readingOrder {index:0;}">
                    <Coords points="456,336 489,336 489,370 456,370"/>
                    <TextEquiv>
                        <Unicode>(T</Unicode>
                    </TextEquiv>
                    <TextStyle fontFamily="Times New Roman" fontSize="8.0"/>
                </Word>
                <Word id="w_w2aab1b9b2b9b1ab7" language="English" custom="readingOrder {index:1;}">
                    <Coords points="501,338 528,338 528,371 501,371"/>
                    <TextEquiv>
                        <Unicode>5)</Unicode>
                    </TextEquiv>
                    <TextStyle fontFamily="Times New Roman" fontSize="8.0"/>
                </Word>
                <Word id="w_w2aab1b9b2b9b1b1b1" language="English" custom="readingOrder {index:2;}">
                    <Coords points="589,339 665,339 665,369 589,369"/>
                    <TextEquiv>
                        <Unicode>capit</Unicode>
                    </TextEquiv>
                    <TextStyle fontFamily="Times New Roman" fontSize="9.0" italic="true"/>
                </Word>
                <Word id="w_w2aab1b9b2b9b1b2b1" language="English" custom="readingOrder {index:3;}">
                    <Coords points="665,337 677,337 677,370 665,370"/>
                    <TextEquiv>
                        <Unicode>]</Unicode>
                    </TextEquiv>
                    <TextStyle fontFamily="Times New Roman" fontSize="8.0"/>
                </Word>
                <Word id="w_w2aab1b9b2b9b1b3b1" language="English" custom="readingOrder {index:4;}">
                    <Coords points="698,343 782,343 782,370 698,370"/>
                    <TextEquiv>
                        <Unicode>sapat</Unicode>
                    </TextEquiv>
                    <TextStyle fontFamily="Times New Roman" fontSize="9.0" italic="true"/>
                </Word>
                <Word id="w_w2aab1b9b2b9b1b4b3" language="English" custom="readingOrder {index:5;}">
                    <Coords points="800,336 868,336 868,371 800,371"/>
                    <TextEquiv>
                        <Unicode>(sic).</Unicode>
                    </TextEquiv>
                    <TextStyle fontFamily="Times New Roman" fontSize="8.0"/>
                </Word>
                <Word id="w_w2aab1b9b2b9b1b4c17" language="English" custom="readingOrder {index:6;}">
                    <Coords points="889,352 923,352 923,356 889,356"/>
                    <TextEquiv>
                        <Unicode>—</Unicode>
                    </TextEquiv>
                    <TextStyle fontFamily="Times New Roman" fontSize="8.0"/>
                </Word>
                <TextEquiv>
                    <Unicode>(T 5) capit] sapat (sic). —</Unicode>
                </TextEquiv>
            </TextLine>
            <TextEquiv>
                <Unicode>(T 5) capit] sapat (sic). —</Unicode>
            </TextEquiv>
        </TextRegion>
        <TextRegion type="paragraph" id="r_5_6" custom="readingOrder {index:7;}">
            <Coords points="452,370 742,370 742,410 452,410"/>
            <TextLine id="tl_12" primaryLanguage="English" custom="readingOrder {index:0;}">
                <Coords points="453,371 741,371 741,409 453,409"/>
                <Baseline points="453,407 492,399 518,404 646,398 741,392"/>
                <Word id="w_w2aab1b9b2c11b1ab1" language="English" custom="readingOrder {index:0;}">
                    <Coords points="453,371 492,371 492,407 453,407"/>
                    <TextEquiv>
                        <Unicode>(H</Unicode>
                    </TextEquiv>
                    <TextStyle fontFamily="Times New Roman" fontSize="8.0"/>
                </Word>
                <Word id="w_w2aab1b9b2c11b1ab7" language="English" custom="readingOrder {index:1;}">
                    <Coords points="503,372 549,372 549,409 503,409"/>
                    <TextEquiv>
                        <Unicode>90)</Unicode>
                    </TextEquiv>
                    <TextStyle fontFamily="Times New Roman" fontSize="8.0"/>
                </Word>
                <Word id="w_w2aab1b9b2c11b1b1b1" language="English" custom="readingOrder {index:2;}">
                    <Coords points="587,375 687,375 687,407 587,407"/>
                    <TextEquiv>
                        <Unicode>scriby,</Unicode>
                    </TextEquiv>
                    <TextStyle fontFamily="Times New Roman" fontSize="9.0" italic="true"/>
                </Word>
                <Word id="w_w2aab1b9b2c11b1b2b3" language="English" custom="readingOrder {index:3;}">
                    <Coords points="708,388 741,388 741,392 708,392"/>
                    <TextEquiv>
                        <Unicode>—</Unicode>
                    </TextEquiv>
                    <TextStyle fontFamily="Times New Roman" fontSize="8.0"/>
                </Word>
                <TextEquiv>
                    <Unicode>(H 90) scriby, —</Unicode>
                </TextEquiv>
            </TextLine>
            <TextEquiv>
                <Unicode>(H 90) scriby, —</Unicode>
            </TextEquiv>
        </TextRegion>
        <TextRegion type="paragraph" id="r_5_7" custom="readingOrder {index:8;}">
            <Coords points="453,407 1065,407 1065,444 453,444"/>
            <TextLine id="tl_13" primaryLanguage="English" custom="readingOrder {index:0;}">
                <Coords points="454,408 1064,408 1064,443 454,443"/>
                <Baseline points="454,440 487,434 516,440 640,433 677,433 725,441 797,434 874,433 960,434 1064,431"/>
                <Word id="w_w2aab1b9b2c13b1ab1" language="English" custom="readingOrder {index:0;}">
                    <Coords points="454,408 487,408 487,440 454,440"/>
                    <TextEquiv>
                        <Unicode>(0</Unicode>
                    </TextEquiv>
                    <TextStyle fontFamily="Times New Roman" fontSize="8.0"/>
                </Word>
                <Word id="w_w2aab1b9b2c13b1ab7" language="English" custom="readingOrder {index:1;}">
                    <Coords points="501,410 528,410 528,441 501,441"/>
                    <TextEquiv>
                        <Unicode>7)</Unicode>
                    </TextEquiv>
                    <TextStyle fontFamily="Times New Roman" fontSize="8.0"/>
                </Word>
                <Word id="w_w2aab1b9b2c13b1b1b1" language="English" custom="readingOrder {index:2;}">
                    <Coords points="584,414 640,414 640,441 584,441"/>
                    <TextEquiv>
                        <Unicode>pro</Unicode>
                    </TextEquiv>
                    <TextStyle fontFamily="Times New Roman" fontSize="9.0" italic="true"/>
                </Word>
                <Word id="w_w2aab1b9b2c13b1b1b9" language="English" custom="readingOrder {index:3;}">
                    <Coords points="660,418 716,418 716,433 660,433"/>
                    <TextEquiv>
                        <Unicode>una</Unicode>
                    </TextEquiv>
                    <TextStyle fontFamily="Times New Roman" fontSize="9.0" italic="true"/>
                </Word>
                <Word id="w_w2aab1b9b2c13b1b2b1" language="English" custom="readingOrder {index:4;}">
                    <Coords points="717,409 725,409 725,441 717,441"/>
                    <TextEquiv>
                        <Unicode>]</Unicode>
                    </TextEquiv>
                    <TextStyle fontFamily="Times New Roman" fontSize="8.0"/>
                </Word>
                <Word id="w_w2aab1b9b2c13b1b3b1" language="English" custom="readingOrder {index:5;}">
                    <Coords points="741,414 797,414 797,441 741,441"/>
                    <TextEquiv>
                        <Unicode>pro</Unicode>
                    </TextEquiv>
                    <TextStyle fontFamily="Times New Roman" fontSize="9.0" italic="true"/>
                </Word>
                <Word id="w_w2aab1b9b2c13b1b3b9" language="English" custom="readingOrder {index:6;}">
                    <Coords points="817,418 874,418 874,433 817,433"/>
                    <TextEquiv>
                        <Unicode>una</Unicode>
                    </TextEquiv>
                    <TextStyle fontFamily="Times New Roman" fontSize="9.0" italic="true"/>
                </Word>
                <Word id="w_w2aab1b9b2c13b1b3c17" language="English" custom="readingOrder {index:7;}">
                    <Coords points="894,412 1005,412 1005,434 894,434"/>
                    <TextEquiv>
                        <Unicode>sillaba,</Unicode>
                    </TextEquiv>
                    <TextStyle fontFamily="Times New Roman" fontSize="9.0" italic="true"/>
                </Word>
                <Word id="w_w2aab1b9b2c13b1b4b3" language="English" custom="readingOrder {index:8;}">
                    <Coords points="1027,425 1064,425 1064,431 1027,431"/>
                    <TextEquiv>
                        <Unicode>—</Unicode>
                    </TextEquiv>
                    <TextStyle fontFamily="Times New Roman" fontSize="8.0"/>
                </Word>
                <TextEquiv>
                    <Unicode>(O 7) pro una] pro una sillaba, —</Unicode>
                </TextEquiv>
            </TextLine>
            <TextEquiv>
                <Unicode>(O 7) pro una] pro una sillaba, —</Unicode>
            </TextEquiv>
        </TextRegion>
        <TextRegion type="paragraph" id="r_5_8" custom="readingOrder {index:9;}">
            <Coords points="448,441 1820,441 1820,485 448,485"/>
            <TextLine id="tl_14" primaryLanguage="English" custom="readingOrder {index:0;}">
                <Coords points="449,442 1819,442 1819,484 449,484"/>
                <Baseline points="449,477 482,469 511,475 594,468 702,463 730,478 820,468 913,463 982,469 1095,475 1182,472 1223,473 1276,465 1311,472 1392,472 1457,472 1488,473 1569,473 1655,473 1723,473 1819,474"/>
                <Word id="w_w2aab1b9b2c15b1ab1" language="English" custom="readingOrder {index:0;}">
                    <Coords points="449,442 482,442 482,477 449,477"/>
                    <TextEquiv>
                        <Unicode>(C</Unicode>
                    </TextEquiv>
                    <TextStyle fontFamily="Times New Roman" fontSize="8.0"/>
                </Word>
                <Word id="w_w2aab1b9b2c15b1ab7" language="English" custom="readingOrder {index:1;}">
                    <Coords points="495,443 542,443 542,478 495,478"/>
                    <TextEquiv>
                        <Unicode>49)</Unicode>
                    </TextEquiv>
                    <TextStyle fontFamily="Times New Roman" fontSize="8.0"/>
                </Word>
                <Word id="w_w2aab1b9b2c15b1b1b1" language="English" custom="readingOrder {index:2;}">
                    <Coords points="581,452 649,452 649,469 581,469"/>
                    <TextEquiv>
                        <Unicode>ceux</Unicode>
                    </TextEquiv>
                    <TextStyle fontFamily="Times New Roman" fontSize="9.0" italic="true"/>
                </Word>
                <Word id="w_w2aab1b9b2c15b1b2b3" language="English" custom="readingOrder {index:3;}">
                    <Coords points="671,458 702,458 702,463 671,463"/>
                    <TextEquiv>
                        <Unicode>—</Unicode>
                    </TextEquiv>
                    <TextStyle fontFamily="Times New Roman" fontSize="8.0"/>
                </Word>
                <Word id="w_w2aab1b9b2c15b1b2b7" language="English" custom="readingOrder {index:4;}">
                    <Coords points="720,443 766,443 766,478 720,478"/>
                    <TextEquiv>
                        <Unicode>(0)</Unicode>
                    </TextEquiv>
                    <TextStyle fontFamily="Times New Roman" fontSize="8.0"/>
                </Word>
                <Word id="w_w2aab1b9b2c15b1b3b1" language="English" custom="readingOrder {index:5;}">
                    <Coords points="786,445 859,445 859,469 786,469"/>
                    <TextEquiv>
                        <Unicode>deux</Unicode>
                    </TextEquiv>
                    <TextStyle fontFamily="Times New Roman" fontSize="9.0" italic="true"/>
                </Word>
                <Word id="w_w2aab1b9b2c15b1b5b1" language="English" custom="readingOrder {index:6;}">
                    <Coords points="879,454 913,454 913,469 879,469"/>
                    <TextEquiv>
                        <Unicode>—</Unicode>
                    </TextEquiv>
                    <TextStyle fontFamily="Times New Roman" fontSize="8.0"/>
                </Word>
                <Word id="w_w2aab1b9b2c15b1b6b1" language="English" custom="readingOrder {index:7;}">
                    <Coords points="931,453 1023,453 1023,471 931,471"/>
                    <TextEquiv>
                        <Unicode>veaux</Unicode>
                    </TextEquiv>
                    <TextStyle fontFamily="Times New Roman" fontSize="9.0" italic="true"/>
                </Word>
                <Word id="w_w2aab1b9b2c15b1b8b1" language="English" custom="readingOrder {index:8;}">
                    <Coords points="1043,452 1095,452 1095,475 1043,475"/>
                    <TextEquiv>
                        <Unicode>etc.</Unicode>
                    </TextEquiv>
                    <TextStyle fontFamily="Times New Roman" fontSize="8.0"/>
                </Word>
                <Word id="w_w2aab1b9b2c15b1b8c11" language="English" custom="readingOrder {index:9;}">
                    <Coords points="1115,450 1182,450 1182,475 1115,475"/>
                    <TextEquiv>
                        <Unicode>fehlt</Unicode>
                    </TextEquiv>
                    <TextStyle fontFamily="Times New Roman" fontSize="8.0"/>
                </Word>
                <Word id="w_w2aab1b9b2c15b1b8c23" language="English" custom="readingOrder {index:10;}">
                    <Coords points="1201,445 1223,445 1223,473 1201,473"/>
                    <TextEquiv>
                        <Unicode>0</Unicode>
                    </TextEquiv>
                    <TextStyle fontFamily="Times New Roman" fontSize="8.0"/>
                </Word>
                <Word id="w_w2aab1b9b2c15b1b8c27" language="English" custom="readingOrder {index:11;}">
                    <Coords points="1244,456 1276,456 1276,472 1244,472"/>
                    <TextEquiv>
                        <Unicode>—</Unicode>
                    </TextEquiv>
                    <TextStyle fontFamily="Times New Roman" fontSize="8.0"/>
                </Word>
                <Word id="w_w2aab1b9b2c15b1b9b1" language="English" custom="readingOrder {index:12;}">
                    <Coords points="1298,456 1358,456 1358,472 1298,472"/>
                    <TextEquiv>
                        <Unicode>cum</Unicode>
                    </TextEquiv>
                    <TextStyle fontFamily="Times New Roman" fontSize="9.0" italic="true"/>
                </Word>
                <Word id="w_w2aab1b9b2c15b1c10b3" language="English" custom="readingOrder {index:13;}">
                    <Coords points="1377,457 1392,457 1392,472 1377,472"/>
                    <TextEquiv>
                        <Unicode>a</Unicode>
                    </TextEquiv>
                    <TextStyle fontFamily="Times New Roman" fontSize="8.0"/>
                </Word>
                <Word id="w_w2aab1b9b2c15b1c11b1" language="English" custom="readingOrder {index:14;}">
                    <Coords points="1412,449 1457,449 1457,472 1412,472"/>
                    <TextEquiv>
                        <Unicode>vel</Unicode>
                    </TextEquiv>
                    <TextStyle fontFamily="Times New Roman" fontSize="9.0" italic="true"/>
                </Word>
                <Word id="w_w2aab1b9b2c15b1c11b9" language="English" custom="readingOrder {index:15;}">
                    <Coords points="1475,450 1536,450 1536,473 1475,473"/>
                    <TextEquiv>
                        <Unicode>sine</Unicode>
                    </TextEquiv>
                    <TextStyle fontFamily="Times New Roman" fontSize="9.0" italic="true"/>
                </Word>
                <Word id="w_w2aab1b9b2c15b1c12b3" language="English" custom="readingOrder {index:16;}">
                    <Coords points="1555,448 1580,448 1580,483 1555,483"/>
                    <TextEquiv>
                        <Unicode>a]</Unicode>
                    </TextEquiv>
                    <TextStyle fontFamily="Times New Roman" fontSize="8.0"/>
                </Word>
                <Word id="w_w2aab1b9b2c15b1c13b1" language="English" custom="readingOrder {index:17;}">
                    <Coords points="1602,457 1655,457 1655,473 1602,473"/>
                    <TextEquiv>
                        <Unicode>eux</Unicode>
                    </TextEquiv>
                    <TextStyle fontFamily="Times New Roman" fontSize="9.0" italic="true"/>
                </Word>
                <Word id="w_w2aab1b9b2c15b1c13b9" language="English" custom="readingOrder {index:18;}">
                    <Coords points="1677,450 1723,450 1723,473 1677,473"/>
                    <TextEquiv>
                        <Unicode>vel</Unicode>
                    </TextEquiv>
                    <TextStyle fontFamily="Times New Roman" fontSize="9.0" italic="true"/>
                </Word>
                <Word id="w_w2aab1b9b2c15b1c13c17" language="English" custom="readingOrder {index:19;}">
                    <Coords points="1742,457 1819,457 1819,474 1742,474"/>
                    <TextEquiv>
                        <Unicode>eaus.</Unicode>
                    </TextEquiv>
                    <TextStyle fontFamily="Times New Roman" fontSize="9.0" italic="true"/>
                </Word>
                <TextEquiv>
                    <Unicode>(C 49) ceux — (O) deux — veaux etc. fehlt O — cum a vel sine a] eux vel eaus.</Unicode>
                </TextEquiv>
            </TextLine>
            <TextEquiv>
                <Unicode>(C 49) ceux — (O) deux — veaux etc. fehlt O — cum a vel sine a] eux vel eaus.</Unicode>
            </TextEquiv>
        </TextRegion>
        <TextRegion type="paragraph" id="r_4_1" custom="readingOrder {index:10;}">
            <Coords points="372,507 416,507 416,533 372,533"/>
            <TextLine id="tl_4" primaryLanguage="English" custom="readingOrder {index:0;}">
                <Coords points="373,508 415,508 415,532 373,532"/>
                <Baseline points="373,531 415,532"/>
                <Word id="w_w2aab1b7b2b1b1ab1" language="English" custom="readingOrder {index:0;}">
                    <Coords points="373,508 415,508 415,532 373,532"/>
                    <TextEquiv>
                        <Unicode>IV</Unicode>
                    </TextEquiv>
                    <TextStyle fontFamily="Times New Roman" fontSize="8.0"/>
                </Word>
                <TextEquiv>
                    <Unicode>IV</Unicode>
                </TextEquiv>
                <TextStyle fontFamily="Times New Roman" fontSize="8.0"/>
            </TextLine>
            <TextEquiv>
                <Unicode>IV</Unicode>
            </TextEquiv>
        </TextRegion>
        <TextRegion type="paragraph" id="r_5_9" custom="readingOrder {index:11;}">
            <Coords points="451,503 940,503 940,542 451,542"/>
            <TextLine id="tl_15" primaryLanguage="English" custom="readingOrder {index:0;}">
                <Coords points="452,504 939,504 939,541 452,541"/>
                <Baseline points="452,535 488,532 518,530 712,531 751,531 939,533"/>
                <Word id="w_w2aab1b9b2c17b1ab1" language="English" custom="readingOrder {index:0;}">
                    <Coords points="452,505 488,505 488,535 452,535"/>
                    <TextEquiv>
                        <Unicode>(T</Unicode>
                    </TextEquiv>
                    <TextStyle fontFamily="Times New Roman" fontSize="8.0"/>
                </Word>
                <Word id="w_w2aab1b9b2c17b1ab7" language="English" custom="readingOrder {index:1;}">
                    <Coords points="502,506 530,506 530,540 502,540"/>
                    <TextEquiv>
                        <Unicode>6)</Unicode>
                    </TextEquiv>
                    <TextStyle fontFamily="Times New Roman" fontSize="8.0"/>
                </Word>
                <Word id="w_w2aab1b9b2c17b1b1b1" language="English" custom="readingOrder {index:2;}">
                    <Coords points="581,508 712,508 712,539 581,539"/>
                    <TextEquiv>
                        <Unicode>pluralia</Unicode>
                    </TextEquiv>
                    <TextStyle fontFamily="Times New Roman" fontSize="9.0" italic="true"/>
                </Word>
                <Word id="w_w2aab1b9b2c17b1b1c19" language="English" custom="readingOrder {index:3;}">
                    <Coords points="733,515 849,515 849,532 733,532"/>
                    <TextEquiv>
                        <Unicode>numera</Unicode>
                    </TextEquiv>
                    <TextStyle fontFamily="Times New Roman" fontSize="9.0" italic="true"/>
                </Word>
                <Word id="w_w2aab1b9b2c17b1b2b3" language="English" custom="readingOrder {index:4;}">
                    <Coords points="869,506 939,506 939,540 869,540"/>
                    <TextEquiv>
                        <Unicode>(sic).</Unicode>
                    </TextEquiv>
                    <TextStyle fontFamily="Times New Roman" fontSize="8.0"/>
                </Word>
                <TextEquiv>
                    <Unicode>(T 6) pluralia numera (sic).</Unicode>
                </TextEquiv>
            </TextLine>
            <TextEquiv>
                <Unicode>(T 6) pluralia numera (sic).</Unicode>
            </TextEquiv>
        </TextRegion>
        <TextRegion type="paragraph" id="r_5_10" custom="readingOrder {index:12;}">
            <Coords points="448,538 1097,538 1097,578 448,578"/>
            <TextLine id="tl_16" primaryLanguage="English" custom="readingOrder {index:0;}">
                <Coords points="449,539 1096,539 1096,577 449,577"/>
                <Baseline points="449,573 458,573 513,572 665,566 772,566 851,560 885,567 1006,567 1096,566"/>
                <Word id="w_w2aab1b9b2c19b1ab1" language="English" custom="readingOrder {index:0;}">
                    <Coords points="449,540 483,540 483,573 449,573"/>
                    <TextEquiv>
                        <Unicode>(0</Unicode>
                    </TextEquiv>
                    <TextStyle fontFamily="Times New Roman" fontSize="7.5"/>
                </Word>
                <Word id="w_w2aab1b9b2c19b1b1b3" language="English" custom="readingOrder {index:1;}">
                    <Coords points="497,541 526,541 526,575 497,575"/>
                    <TextEquiv>
                        <Unicode>9)</Unicode>
                    </TextEquiv>
                    <TextStyle fontFamily="Times New Roman" fontSize="8.0"/>
                </Word>
                <Word id="w_w2aab1b9b2c19b1b2b1" language="English" custom="readingOrder {index:2;}">
                    <Coords points="582,549 697,549 697,567 582,567"/>
                    <TextEquiv>
                        <Unicode>numero</Unicode>
                    </TextEquiv>
                    <TextStyle fontFamily="Times New Roman" fontSize="9.0" italic="true"/>
                </Word>
                <Word id="w_w2aab1b9b2c19b1b4b1" language="English" custom="readingOrder {index:3;}">
                    <Coords points="717,542 794,542 794,568 717,568"/>
                    <TextEquiv>
                        <Unicode>fehlt.</Unicode>
                    </TextEquiv>
                    <TextStyle fontFamily="Times New Roman" fontSize="8.0"/>
                </Word>
                <Word id="w_w2aab1b9b2c19b1b5b1" language="English" custom="readingOrder {index:4;}">
                    <Coords points="818,544 851,544 851,567 818,567"/>
                    <TextEquiv>
                        <Unicode>—</Unicode>
                    </TextEquiv>
                    <TextStyle fontFamily="Times New Roman" fontSize="8.0"/>
                </Word>
                <Word id="w_w2aab1b9b2c19b1b6b1" language="English" custom="readingOrder {index:5;}">
                    <Coords points="873,541 948,541 948,576 873,576"/>
                    <TextEquiv>
                        <Unicode>lises]</Unicode>
                    </TextEquiv>
                    <TextStyle fontFamily="Times New Roman" fontSize="9.0" italic="true"/>
                </Word>
                <Word id="w_w2aab1b9b2c19b1b7b1" language="English" custom="readingOrder {index:6;}">
                    <Coords points="970,544 1040,544 1040,569 970,569"/>
                    <TextEquiv>
                        <Unicode>licet.</Unicode>
                    </TextEquiv>
                    <TextStyle fontFamily="Times New Roman" fontSize="9.0" italic="true"/>
                </Word>
                <Word id="w_w2aab1b9b2c19b1b8b3" language="English" custom="readingOrder {index:7;}">
                    <Coords points="1061,560 1096,560 1096,566 1061,566"/>
                    <TextEquiv>
                        <Unicode>—</Unicode>
                    </TextEquiv>
                    <TextStyle fontFamily="Times New Roman" fontSize="8.0"/>
                </Word>
                <TextEquiv>
                    <Unicode>(O 9) numero fehlt. — lises] licet. —</Unicode>
                </TextEquiv>
            </TextLine>
            <TextEquiv>
                <Unicode>(O 9) numero fehlt. — lises] licet. —</Unicode>
            </TextEquiv>
        </TextRegion>
        <TextRegion type="paragraph" id="r_5_11" custom="readingOrder {index:13;}">
            <Coords points="450,574 1046,574 1046,614 450,614"/>
            <TextLine id="tl_17" primaryLanguage="English" custom="readingOrder {index:0;}">
                <Coords points="451,575 1045,575 1045,613 451,613"/>
                <Baseline points="451,610 486,603 510,601 597,601 642,601 776,602 885,596 921,602 1045,604"/>
                <Word id="w_w2aab1b9b2c21b1ab1" language="English" custom="readingOrder {index:0;}">
                    <Coords points="451,575 486,575 486,610 451,610"/>
                    <TextEquiv>
                        <Unicode>(0</Unicode>
                    </TextEquiv>
                    <TextStyle fontFamily="Times New Roman" fontSize="8.0"/>
                </Word>
                <Word id="w_w2aab1b9b2c21b1ab7" language="English" custom="readingOrder {index:1;}">
                    <Coords points="500,575 545,575 545,611 500,611"/>
                    <TextEquiv>
                        <Unicode>10)</Unicode>
                    </TextEquiv>
                    <TextStyle fontFamily="Times New Roman" fontSize="8.0"/>
                </Word>
                <Word id="w_w2aab1b9b2c21b1b1b1" language="English" custom="readingOrder {index:2;}">
                    <Coords points="583,581 610,581 610,602 583,602"/>
                    <TextEquiv>
                        <Unicode>et</Unicode>
                    </TextEquiv>
                    <TextStyle fontFamily="Times New Roman" fontSize="9.0" italic="true"/>
                </Word>
                <Word id="w_w2aab1b9b2c21b1b3b1" language="English" custom="readingOrder {index:3;}">
                    <Coords points="626,585 675,585 675,602 626,602"/>
                    <TextEquiv>
                        <Unicode>vor</Unicode>
                    </TextEquiv>
                    <TextStyle fontFamily="Times New Roman" fontSize="8.0"/>
                </Word>
                <Word id="w_w2aab1b9b2c21b1b4b1" language="English" custom="readingOrder {index:4;}">
                    <Coords points="695,578 834,578 834,609 695,609"/>
                    <TextEquiv>
                        <Unicode>adjectiva</Unicode>
                    </TextEquiv>
                    <TextStyle fontFamily="Times New Roman" fontSize="9.0" italic="true"/>
                </Word>
                <Word id="w_w2aab1b9b2c21b1b5b3" language="English" custom="readingOrder {index:5;}">
                    <Coords points="852,587 885,587 885,602 852,602"/>
                    <TextEquiv>
                        <Unicode>—</Unicode>
                    </TextEquiv>
                    <TextStyle fontFamily="Times New Roman" fontSize="8.0"/>
                </Word>
                <Word id="w_w2aab1b9b2c21b1b6b1" language="English" custom="readingOrder {index:6;}">
                    <Coords points="904,580 950,580 950,602 904,602"/>
                    <TextEquiv>
                        <Unicode>vel</Unicode>
                    </TextEquiv>
                    <TextStyle fontFamily="Times New Roman" fontSize="9.0" italic="true"/>
                </Word>
                <Word id="w_w2aab1b9b2c21b1b8b1" language="English" custom="readingOrder {index:7;}">
                    <Coords points="967,578 1045,578 1045,604 967,604"/>
                    <TextEquiv>
                        <Unicode>fehlt.</Unicode>
                    </TextEquiv>
                    <TextStyle fontFamily="Times New Roman" fontSize="8.0"/>
                </Word>
                <TextEquiv>
                    <Unicode>(O 10) et vor adjectiva — vel fehlt.</Unicode>
                </TextEquiv>
            </TextLine>
            <TextEquiv>
                <Unicode>(O 10) et vor adjectiva — vel fehlt.</Unicode>
            </TextEquiv>
        </TextRegion>
        <TextRegion type="paragraph" id="r_5_12" custom="readingOrder {index:14;}">
            <Coords points="451,609 1343,609 1343,654 451,654"/>
            <TextLine id="tl_18" primaryLanguage="English" custom="readingOrder {index:0;}">
                <Coords points="452,610 1342,610 1342,653 452,653"/>
                <Baseline points="452,646 508,639 528,638 599,638 800,633 906,647 927,647 995,638 1056,635 1164,652 1229,649 1342,643"/>
                <Word id="w_w2aab1b9b2c23b1ab1" language="English" custom="readingOrder {index:0;}">
                    <Coords points="452,611 508,611 508,646 452,646"/>
                    <TextEquiv>
                        <Unicode>(€0</Unicode>
                    </TextEquiv>
                    <TextStyle fontFamily="Times New Roman" fontSize="8.0"/>
                </Word>
                <Word id="w_w2aab1b9b2c23b1ab9" language="English" custom="readingOrder {index:1;}">
                    <Coords points="519,615 575,615 575,646 519,646"/>
                    <TextEquiv>
                        <Unicode>IOa)</Unicode>
                    </TextEquiv>
                    <TextStyle fontFamily="Times New Roman" fontSize="8.0"/>
                </Word>
                <Word id="w_w2aab1b9b2c23b1b1b1" language="English" custom="readingOrder {index:2;}">
                    <Coords points="588,615 749,615 749,638 588,638"/>
                    <TextEquiv>
                        <Unicode>terminabit</Unicode>
                    </TextEquiv>
                    <TextStyle fontFamily="Times New Roman" fontSize="9.0" italic="true"/>
                </Word>
                <Word id="w_w2aab1b9b2c23b1b2b3" language="English" custom="readingOrder {index:3;}">
                    <Coords points="767,627 800,627 800,633 767,633"/>
                    <TextEquiv>
                        <Unicode>—</Unicode>
                    </TextEquiv>
                    <TextStyle fontFamily="Times New Roman" fontSize="8.0"/>
                </Word>
                <Word id="w_w2aab1b9b2c23b1b2b7" language="English" custom="readingOrder {index:4;}">
                    <Coords points="820,613 906,613 906,647 820,647"/>
                    <TextEquiv>
                        <Unicode>salvo]</Unicode>
                    </TextEquiv>
                    <TextStyle fontFamily="Times New Roman" fontSize="8.0"/>
                </Word>
                <Word id="w_w2aab1b9b2c23b1b2c21" language="English" custom="readingOrder {index:5;}">
                    <Coords points="917,612 964,612 964,648 917,648"/>
                    <TextEquiv>
                        <Unicode>(0)</Unicode>
                    </TextEquiv>
                    <TextStyle fontFamily="Times New Roman" fontSize="8.0"/>
                </Word>
                <Word id="w_w2aab1b9b2c23b1b3b1" language="English" custom="readingOrder {index:6;}">
                    <Coords points="982,618 1008,618 1008,639 982,639"/>
                    <TextEquiv>
                        <Unicode>et</Unicode>
                    </TextEquiv>
                    <TextStyle fontFamily="Times New Roman" fontSize="9.0" italic="true"/>
                </Word>
                <Word id="w_w2aab1b9b2c23b1b4b1" language="English" custom="readingOrder {index:7;}">
                    <Coords points="1021,630 1056,630 1056,635 1021,635"/>
                    <TextEquiv>
                        <Unicode>—</Unicode>
                    </TextEquiv>
                    <TextStyle fontFamily="Times New Roman" fontSize="8.0"/>
                </Word>
                <Word id="w_w2aab1b9b2c23b1b4b5" language="English" custom="readingOrder {index:8;}">
                    <Coords points="1075,617 1164,617 1164,652 1075,652"/>
                    <TextEquiv>
                        <Unicode>istius]</Unicode>
                    </TextEquiv>
                    <TextStyle fontFamily="Times New Roman" fontSize="8.0"/>
                </Word>
                <Word id="w_w2aab1b9b2c23b1b4c21" language="English" custom="readingOrder {index:9;}">
                    <Coords points="1183,614 1229,614 1229,650 1183,650"/>
                    <TextEquiv>
                        <Unicode>(0)</Unicode>
                    </TextEquiv>
                    <TextStyle fontFamily="Times New Roman" fontSize="8.0"/>
                </Word>
                <Word id="w_w2aab1b9b2c23b1b4c29" language="English" custom="readingOrder {index:10;}">
                    <Coords points="1251,616 1342,616 1342,649 1251,649"/>
                    <TextEquiv>
                        <Unicode>hujus.</Unicode>
                    </TextEquiv>
                    <TextStyle fontFamily="Times New Roman" fontSize="8.0"/>
                </Word>
                <TextEquiv>
                    <Unicode>(CO 10a) terminabit — salvo] (O) et— istius] (O) hujus.</Unicode>
                </TextEquiv>
            </TextLine>
            <TextEquiv>
                <Unicode>(CO 10a) terminabit — salvo] (O) et— istius] (O) hujus.</Unicode>
            </TextEquiv>
        </TextRegion>
        <TextRegion type="paragraph" id="r_5_13" custom="readingOrder {index:15;}">
            <Coords points="451,647 1376,647 1376,689 451,689"/>
            <TextLine id="tl_19" primaryLanguage="English" custom="readingOrder {index:0;}">
                <Coords points="452,648 1375,648 1375,688 452,688"/>
                <Baseline points="452,682 489,674 515,680 601,672 773,685 828,673 934,674 1070,676 1196,676 1314,677 1375,671"/>
                <Word id="w_w2aab1b9b2c25b1ab1" language="English" custom="readingOrder {index:0;}">
                    <Coords points="452,648 489,648 489,682 452,682"/>
                    <TextEquiv>
                        <Unicode>(H</Unicode>
                    </TextEquiv>
                    <TextStyle fontFamily="Times New Roman" fontSize="8.0"/>
                </Word>
                <Word id="w_w2aab1b9b2c25b1ab7" language="English" custom="readingOrder {index:1;}">
                    <Coords points="502,648 547,648 547,682 502,682"/>
                    <TextEquiv>
                        <Unicode>37)</Unicode>
                    </TextEquiv>
                    <TextStyle fontFamily="Times New Roman" fontSize="8.0"/>
                </Word>
                <Word id="w_w2aab1b9b2c25b1b1b1" language="English" custom="readingOrder {index:2;}">
                    <Coords points="585,653 634,653 634,681 585,681"/>
                    <TextEquiv>
                        <Unicode>vor</Unicode>
                    </TextEquiv>
                    <TextStyle fontFamily="Times New Roman" fontSize="8.0"/>
                </Word>
                <Word id="w_w2aab1b9b2c25b1b2b1" language="English" custom="readingOrder {index:3;}">
                    <Coords points="647,651 800,651 800,685 647,685"/>
                    <TextEquiv>
                        <Unicode>participis</Unicode>
                    </TextEquiv>
                    <TextStyle fontFamily="Times New Roman" fontSize="9.0" italic="true"/>
                </Word>
                <Word id="w_w2aab1b9b2c25b1b4b1" language="English" custom="readingOrder {index:4;}">
                    <Coords points="819,650 856,650 856,674 819,674"/>
                    <TextEquiv>
                        <Unicode>ist</Unicode>
                    </TextEquiv>
                    <TextStyle fontFamily="Times New Roman" fontSize="8.0"/>
                </Word>
                <Word id="w_w2aab1b9b2c25b1b5b1" language="English" custom="readingOrder {index:5;}">
                    <Coords points="876,651 962,651 962,674 876,674"/>
                    <TextEquiv>
                        <Unicode>altres</Unicode>
                    </TextEquiv>
                    <TextStyle fontFamily="Times New Roman" fontSize="9.0" italic="true"/>
                </Word>
                <Word id="w_w2aab1b9b2c25b1b7b1" language="English" custom="readingOrder {index:6;}">
                    <Coords points="982,651 1070,651 1070,676 982,676"/>
                    <TextEquiv>
                        <Unicode>durch</Unicode>
                    </TextEquiv>
                    <TextStyle fontFamily="Times New Roman" fontSize="8.0"/>
                </Word>
                <Word id="w_w2aab1b9b2c25b1b7c13" language="English" custom="readingOrder {index:7;}">
                    <Coords points="1090,655 1196,655 1196,679 1090,679"/>
                    <TextEquiv>
                        <Unicode>Punkte</Unicode>
                    </TextEquiv>
                    <TextStyle fontFamily="Times New Roman" fontSize="8.0"/>
                </Word>
                <Word id="w_w2aab1b9b2c25b1b7c27" language="English" custom="readingOrder {index:8;}">
                    <Coords points="1215,652 1322,652 1322,683 1215,683"/>
                    <TextEquiv>
                        <Unicode>getilgt.</Unicode>
                    </TextEquiv>
                    <TextStyle fontFamily="Times New Roman" fontSize="8.0"/>
                </Word>
                <Word id="w_w2aab1b9b2c25b1b8b1" language="English" custom="readingOrder {index:9;}">
                    <Coords points="1345,667 1375,667 1375,671 1345,671"/>
                    <TextEquiv>
                        <Unicode>—</Unicode>
                    </TextEquiv>
                    <TextStyle fontFamily="Times New Roman" fontSize="8.0"/>
                </Word>
                <TextEquiv>
                    <Unicode>(H 37) vor participis ist altres durch Punkte getilgt. —</Unicode>
                </TextEquiv>
            </TextLine>
            <TextEquiv>
                <Unicode>(H 37) vor participis ist altres durch Punkte getilgt. —</Unicode>
            </TextEquiv>
        </TextRegion>
        <TextRegion type="paragraph" id="r_5_14" custom="readingOrder {index:16;}">
            <Coords points="449,679 1398,679 1398,722 449,722"/>
            <TextLine id="tl_20" primaryLanguage="English" custom="readingOrder {index:0;}">
                <Coords points="450,680 1397,680 1397,721 450,721"/>
                <Baseline points="450,717 482,710 612,708 742,708 784,710 837,702 865,718 934,709 1042,716 1102,713 1139,714 1219,705 1257,711 1322,712 1397,714"/>
                <Word id="w_w2aab1b9b2c27b1ab1" language="English" custom="readingOrder {index:0;}">
                    <Coords points="450,682 558,682 558,718 450,718"/>
                    <TextEquiv>
                        <Unicode>(CO11)</Unicode>
                    </TextEquiv>
                    <TextStyle fontFamily="Times New Roman" fontSize="8.0"/>
                </Word>
                <Word id="w_w2aab1b9b2c27b1b1b1" language="English" custom="readingOrder {index:1;}">
                    <Coords points="582,685 652,685 652,708 582,708"/>
                    <TextEquiv>
                        <Unicode>Item</Unicode>
                    </TextEquiv>
                    <TextStyle fontFamily="Times New Roman" fontSize="9.0" italic="true"/>
                </Word>
                <Word id="w_w2aab1b9b2c27b1b3b1" language="English" custom="readingOrder {index:2;}">
                    <Coords points="672,683 742,683 742,709 672,709"/>
                    <TextEquiv>
                        <Unicode>fehlt</Unicode>
                    </TextEquiv>
                    <TextStyle fontFamily="Times New Roman" fontSize="8.0"/>
                </Word>
                <Word id="w_w2aab1b9b2c27b1b3c13" language="English" custom="readingOrder {index:3;}">
                    <Coords points="761,683 784,683 784,710 761,710"/>
                    <TextEquiv>
                        <Unicode>0</Unicode>
                    </TextEquiv>
                    <TextStyle fontFamily="Times New Roman" fontSize="8.0"/>
                </Word>
                <Word id="w_w2aab1b9b2c27b1b3c17" language="English" custom="readingOrder {index:4;}">
                    <Coords points="806,682 837,682 837,718 806,718"/>
                    <TextEquiv>
                        <Unicode>—</Unicode>
                    </TextEquiv>
                    <TextStyle fontFamily="Times New Roman" fontSize="8.0"/>
                </Word>
                <Word id="w_w2aab1b9b2c27b1b4b1" language="English" custom="readingOrder {index:5;}">
                    <Coords points="856,682 902,682 902,718 856,718"/>
                    <TextEquiv>
                        <Unicode>(C)</Unicode>
                    </TextEquiv>
                    <TextStyle fontFamily="Times New Roman" fontSize="8.0"/>
                </Word>
                <Word id="w_w2aab1b9b2c27b1b5b1" language="English" custom="readingOrder {index:6;}">
                    <Coords points="921,693 971,693 971,714 921,714"/>
                    <TextEquiv>
                        <Unicode>sez,</Unicode>
                    </TextEquiv>
                    <TextStyle fontFamily="Times New Roman" fontSize="9.0" italic="true"/>
                </Word>
                <Word id="w_w2aab1b9b2c27b1b6b1" language="English" custom="readingOrder {index:7;}">
                    <Coords points="990,694 1042,694 1042,716 990,716"/>
                    <TextEquiv>
                        <Unicode>ses,</Unicode>
                    </TextEquiv>
                    <TextStyle fontFamily="Times New Roman" fontSize="9.0" italic="true"/>
                </Word>
                <Word id="w_w2aab1b9b2c27b1b6c11" language="English" custom="readingOrder {index:8;}">
                    <Coords points="1064,689 1102,689 1102,713 1064,713"/>
                    <TextEquiv>
                        <Unicode>lez</Unicode>
                    </TextEquiv>
                    <TextStyle fontFamily="Times New Roman" fontSize="9.0" italic="true"/>
                </Word>
                <Word id="w_w2aab1b9b2c27b1b6c19" language="English" custom="readingOrder {index:9;}">
                    <Coords points="1128,692 1166,692 1166,714 1128,714"/>
                    <TextEquiv>
                        <Unicode>les</Unicode>
                    </TextEquiv>
                    <TextStyle fontFamily="Times New Roman" fontSize="9.0" italic="true"/>
                </Word>
                <Word id="w_w2aab1b9b2c27b1b7b3" language="English" custom="readingOrder {index:10;}">
                    <Coords points="1186,701 1219,701 1219,705 1186,705"/>
                    <TextEquiv>
                        <Unicode>—</Unicode>
                    </TextEquiv>
                    <TextStyle fontFamily="Times New Roman" fontSize="8.0"/>
                </Word>
                <Word id="w_w2aab1b9b2c27b1b7b7" language="English" custom="readingOrder {index:11;}">
                    <Coords points="1239,688 1257,688 1257,712 1239,712"/>
                    <TextEquiv>
                        <Unicode>u</Unicode>
                    </TextEquiv>
                    <TextStyle fontFamily="Times New Roman" fontSize="8.0"/>
                </Word>
                <Word id="w_w2aab1b9b2c27b1b8b1" language="English" custom="readingOrder {index:12;}">
                    <Coords points="1279,686 1345,686 1345,714 1279,714"/>
                    <TextEquiv>
                        <Unicode>fehlt</Unicode>
                    </TextEquiv>
                    <TextStyle fontFamily="Times New Roman" fontSize="8.0"/>
                </Word>
                <Word id="w_w2aab1b9b2c27b1b9b1" language="English" custom="readingOrder {index:13;}">
                    <Coords points="1365,686 1397,686 1397,714 1365,714"/>
                    <TextEquiv>
                        <Unicode>0.</Unicode>
                    </TextEquiv>
                    <TextStyle fontFamily="Times New Roman" fontSize="8.0"/>
                </Word>
                <TextEquiv>
                    <Unicode>(CO 11) Item fehlt O — (C) sez, ses, lez les — u fehlt O.</Unicode>
                </TextEquiv>
            </TextLine>
            <TextEquiv>
                <Unicode>(CO 11) Item fehlt O — (C) sez, ses, lez les — u fehlt O.</Unicode>
            </TextEquiv>
        </TextRegion>
        <TextRegion type="paragraph" id="r_5_15" custom="readingOrder {index:17;}">
            <Coords points="450,716 1246,716 1246,759 450,759"/>
            <TextLine id="tl_21" primaryLanguage="English" custom="readingOrder {index:0;}">
                <Coords points="451,717 1245,717 1245,758 451,758"/>
                <Baseline points="451,753 485,746 509,745 613,745 695,744 779,746 823,745 1009,745 1095,742 1205,747 1245,748"/>
                <Word id="w_w2aab1b9b2c29b1ab1" language="English" custom="readingOrder {index:0;}">
                    <Coords points="451,718 485,718 485,753 451,753"/>
                    <TextEquiv>
                        <Unicode>(0</Unicode>
                    </TextEquiv>
                    <TextStyle fontFamily="Times New Roman" fontSize="8.0"/>
                </Word>
                <Word id="w_w2aab1b9b2c29b1ab7" language="English" custom="readingOrder {index:1;}">
                    <Coords points="499,719 540,719 540,754 499,754"/>
                    <TextEquiv>
                        <Unicode>12)</Unicode>
                    </TextEquiv>
                    <TextStyle fontFamily="Times New Roman" fontSize="8.0"/>
                </Word>
                <Word id="w_w2aab1b9b2c29b1b1b1" language="English" custom="readingOrder {index:2;}">
                    <Coords points="582,721 652,721 652,745 582,745"/>
                    <TextEquiv>
                        <Unicode>Item</Unicode>
                    </TextEquiv>
                    <TextStyle fontFamily="Times New Roman" fontSize="9.0" italic="true"/>
                </Word>
                <Word id="w_w2aab1b9b2c29b1b3b1" language="English" custom="readingOrder {index:3;}">
                    <Coords points="670,718 738,718 738,746 670,746"/>
                    <TextEquiv>
                        <Unicode>fehlt</Unicode>
                    </TextEquiv>
                    <TextStyle fontFamily="Times New Roman" fontSize="8.0"/>
                </Word>
                <Word id="w_w2aab1b9b2c29b1b4b1" language="English" custom="readingOrder {index:4;}">
                    <Coords points="757,718 788,718 788,751 757,751"/>
                    <TextEquiv>
                        <Unicode>0,</Unicode>
                    </TextEquiv>
                    <TextStyle fontFamily="Times New Roman" fontSize="8.0"/>
                </Word>
                <Word id="w_w2aab1b9b2c29b1b5b1" language="English" custom="readingOrder {index:5;}">
                    <Coords points="810,721 912,721 912,745 810,745"/>
                    <TextEquiv>
                        <Unicode>ebenso</Unicode>
                    </TextEquiv>
                    <TextStyle fontFamily="Times New Roman" fontSize="8.0"/>
                </Word>
                <Word id="w_w2aab1b9b2c29b1b6b1" language="English" custom="readingOrder {index:6;}">
                    <Coords points="933,722 1045,722 1045,746 933,746"/>
                    <TextEquiv>
                        <Unicode>nomina</Unicode>
                    </TextEquiv>
                    <TextStyle fontFamily="Times New Roman" fontSize="9.0" italic="true"/>
                </Word>
                <Word id="w_w2aab1b9b2c29b1b8b1" language="English" custom="readingOrder {index:7;}">
                    <Coords points="1066,734 1100,734 1100,750 1066,750"/>
                    <TextEquiv>
                        <Unicode>—-</Unicode>
                    </TextEquiv>
                    <TextStyle fontFamily="Times New Roman" fontSize="8.0"/>
                </Word>
                <Word id="w_w2aab1b9b2c29b1b9b1" language="English" custom="readingOrder {index:8;}">
                    <Coords points="1120,727 1237,727 1237,757 1120,757"/>
                    <TextEquiv>
                        <Unicode>signurs</Unicode>
                    </TextEquiv>
                    <TextStyle fontFamily="Times New Roman" fontSize="9.0" italic="true"/>
                </Word>
                <Word id="w_w2aab1b9b2c29b1c10b1" language="English" custom="readingOrder {index:9;}">
                    <Coords points="1240,741 1245,741 1245,748 1240,748"/>
                    <TextEquiv>
                        <Unicode>.</Unicode>
                    </TextEquiv>
                    <TextStyle fontFamily="Times New Roman" fontSize="8.0"/>
                </Word>
                <TextEquiv>
                    <Unicode>(0 12) Item fehlt O, ebenso nomina —- signurs.</Unicode>
                </TextEquiv>
            </TextLine>
            <TextEquiv>
                <Unicode>(0 12) Item fehlt O, ebenso nomina —- signurs.</Unicode>
            </TextEquiv>
        </TextRegion>
        <TextRegion type="paragraph" id="r_5_16" custom="readingOrder {index:18;}">
            <Coords points="450,753 1097,753 1097,792 450,792"/>
            <TextLine id="tl_22" primaryLanguage="English" custom="readingOrder {index:0;}">
                <Coords points="451,754 1096,754 1096,791 451,791"/>
                <Baseline points="451,787 491,780 516,786 623,779 716,780 825,780 920,780 957,780 1040,782 1095,777"/>
                <Word id="w_w2aab1b9b2c31b1ab1" language="English" custom="readingOrder {index:0;}">
                    <Coords points="451,755 491,755 491,787 451,787"/>
                    <TextEquiv>
                        <Unicode>(H</Unicode>
                    </TextEquiv>
                    <TextStyle fontFamily="Times New Roman" fontSize="8.0"/>
                </Word>
                <Word id="w_w2aab1b9b2c31b1ab7" language="English" custom="readingOrder {index:1;}">
                    <Coords points="501,755 548,755 548,789 501,789"/>
                    <TextEquiv>
                        <Unicode>38)</Unicode>
                    </TextEquiv>
                    <TextStyle fontFamily="Times New Roman" fontSize="8.0"/>
                </Word>
                <Word id="w_w2aab1b9b2c31b1b1b1" language="English" custom="readingOrder {index:2;}">
                    <Coords points="587,757 649,757 649,780 587,780"/>
                    <TextEquiv>
                        <Unicode>fiels</Unicode>
                    </TextEquiv>
                    <TextStyle fontFamily="Times New Roman" fontSize="9.0" italic="true"/>
                </Word>
                <Word id="w_w2aab1b9b2c31b1b3b1" language="English" custom="readingOrder {index:3;}">
                    <Coords points="667,755 716,755 716,780 667,780"/>
                    <TextEquiv>
                        <Unicode>mit</Unicode>
                    </TextEquiv>
                    <TextStyle fontFamily="Times New Roman" fontSize="8.0"/>
                </Word>
                <Word id="w_w2aab1b9b2c31b1b3b9" language="English" custom="readingOrder {index:4;}">
                    <Coords points="732,756 825,756 825,780 732,780"/>
                    <TextEquiv>
                        <Unicode>Punkt</Unicode>
                    </TextEquiv>
                    <TextStyle fontFamily="Times New Roman" fontSize="8.0"/>
                </Word>
                <Word id="w_w2aab1b9b2c31b1b3c21" language="English" custom="readingOrder {index:5;}">
                    <Coords points="841,760 920,760 920,780 841,780"/>
                    <TextEquiv>
                        <Unicode>unter</Unicode>
                    </TextEquiv>
                    <TextStyle fontFamily="Times New Roman" fontSize="8.0"/>
                </Word>
                <Word id="w_w2aab1b9b2c31b1b3c33" language="English" custom="readingOrder {index:6;}">
                    <Coords points="940,757 1001,757 1001,782 940,782"/>
                    <TextEquiv>
                        <Unicode>dem</Unicode>
                    </TextEquiv>
                    <TextStyle fontFamily="Times New Roman" fontSize="8.0"/>
                </Word>
                <Word id="w_w2aab1b9b2c31b1b4b1" language="English" custom="readingOrder {index:7;}">
                    <Coords points="1020,766 1040,766 1040,782 1020,782"/>
                    <TextEquiv>
                        <Unicode>s.</Unicode>
                    </TextEquiv>
                    <TextStyle fontFamily="Times New Roman" fontSize="8.0"/>
                </Word>
                <Word id="w_w2aab1b9b2c31b1b4b7" language="English" custom="readingOrder {index:8;}">
                    <Coords points="1063,772 1095,772 1095,777 1063,777"/>
                    <TextEquiv>
                        <Unicode>—</Unicode>
                    </TextEquiv>
                    <TextStyle fontFamily="Times New Roman" fontSize="8.0"/>
                </Word>
                <TextEquiv>
                    <Unicode>(H 38) tiels mit Punkt unter dem s. —</Unicode>
                </TextEquiv>
            </TextLine>
            <TextEquiv>
                <Unicode>(H 38) tiels mit Punkt unter dem s. —</Unicode>
            </TextEquiv>
        </TextRegion>
        <TextRegion type="paragraph" id="r_5_17" custom="readingOrder {index:19;}">
            <Coords points="448,787 1095,787 1095,829 448,829"/>
            <TextLine id="tl_23" primaryLanguage="English" custom="readingOrder {index:0;}">
                <Coords points="449,788 1094,788 1094,828 449,828"/>
                <Baseline points="449,824 481,817 504,815 600,816 802,826 953,816 1037,820 1094,812"/>
                <Word id="w_w2aab1b9b2c33b1ab1" language="English" custom="readingOrder {index:0;}">
                    <Coords points="449,789 481,789 481,824 449,824"/>
                    <TextEquiv>
                        <Unicode>(C</Unicode>
                    </TextEquiv>
                    <TextStyle fontFamily="Times New Roman" fontSize="8.0"/>
                </Word>
                <Word id="w_w2aab1b9b2c33b1ab7" language="English" custom="readingOrder {index:1;}">
                    <Coords points="494,790 538,790 538,826 494,826"/>
                    <TextEquiv>
                        <Unicode>13)</Unicode>
                    </TextEquiv>
                    <TextStyle fontFamily="Times New Roman" fontSize="8.0"/>
                </Word>
                <Word id="w_w2aab1b9b2c33b1b1b1" language="English" custom="readingOrder {index:2;}">
                    <Coords points="583,792 696,792 696,816 583,816"/>
                    <TextEquiv>
                        <Unicode>numero</Unicode>
                    </TextEquiv>
                    <TextStyle fontFamily="Times New Roman" fontSize="9.0" italic="true"/>
                </Word>
                <Word id="w_w2aab1b9b2c33b1b2b1" language="English" custom="readingOrder {index:3;}">
                    <Coords points="714,792 908,792 908,826 714,826"/>
                    <TextEquiv>
                        <Unicode>indifferenter</Unicode>
                    </TextEquiv>
                    <TextStyle fontFamily="Times New Roman" fontSize="9.0" italic="true"/>
                </Word>
                <Word id="w_w2aab1b9b2c33b1b3b3" language="English" custom="readingOrder {index:4;}">
                    <Coords points="928,790 996,790 996,819 928,819"/>
                    <TextEquiv>
                        <Unicode>fehlt</Unicode>
                    </TextEquiv>
                    <TextStyle fontFamily="Times New Roman" fontSize="8.0"/>
                </Word>
                <Word id="w_w2aab1b9b2c33b1b4b1" language="English" custom="readingOrder {index:5;}">
                    <Coords points="1016,790 1044,790 1044,820 1016,820"/>
                    <TextEquiv>
                        <Unicode>C.</Unicode>
                    </TextEquiv>
                    <TextStyle fontFamily="Times New Roman" fontSize="8.0"/>
                </Word>
                <Word id="w_w2aab1b9b2c33b1b5b1" language="English" custom="readingOrder {index:6;}">
                    <Coords points="1060,808 1094,808 1094,812 1060,812"/>
                    <TextEquiv>
                        <Unicode>—</Unicode>
                    </TextEquiv>
                    <TextStyle fontFamily="Times New Roman" fontSize="8.0"/>
                </Word>
                <TextEquiv>
                    <Unicode>(C 13) numero indifferenter fehlt C. —</Unicode>
                </TextEquiv>
            </TextLine>
            <TextEquiv>
                <Unicode>(C 13) numero indifferenter fehlt C. —</Unicode>
            </TextEquiv>
        </TextRegion>
        <TextRegion type="paragraph" id="r_5_18" custom="readingOrder {index:20;}">
            <Coords points="447,825 1224,825 1224,863 447,863"/>
            <TextLine id="tl_24" primaryLanguage="English" custom="readingOrder {index:0;}">
                <Coords points="448,826 1223,826 1223,862 448,862"/>
                <Baseline points="448,856 486,851 513,856 597,851 775,850 832,851 916,852 1163,855 1223,848"/>
                <Word id="w_w2aab1b9b2c35b1ab1" language="English" custom="readingOrder {index:0;}">
                    <Coords points="448,826 486,826 486,856 448,856"/>
                    <TextEquiv>
                        <Unicode>(H</Unicode>
                    </TextEquiv>
                    <TextStyle fontFamily="Times New Roman" fontSize="8.0"/>
                </Word>
                <Word id="w_w2aab1b9b2c35b1ab7" language="English" custom="readingOrder {index:1;}">
                    <Coords points="498,826 545,826 545,860 498,860"/>
                    <TextEquiv>
                        <Unicode>93)</Unicode>
                    </TextEquiv>
                    <TextStyle fontFamily="Times New Roman" fontSize="8.0"/>
                </Word>
                <Word id="w_w2aab1b9b2c35b1b1b1" language="English" custom="readingOrder {index:2;}">
                    <Coords points="581,828 652,828 652,851 581,851"/>
                    <TextEquiv>
                        <Unicode>nach</Unicode>
                    </TextEquiv>
                    <TextStyle fontFamily="Times New Roman" fontSize="8.0"/>
                </Word>
                <Word id="w_w2aab1b9b2c35b1b2b1" language="English" custom="readingOrder {index:3;}">
                    <Coords points="666,835 805,835 805,852 666,852"/>
                    <TextEquiv>
                        <Unicode>sermones</Unicode>
                    </TextEquiv>
                    <TextStyle fontFamily="Times New Roman" fontSize="9.0" italic="true"/>
                </Word>
                <Word id="w_w2aab1b9b2c35b1b4b1" language="English" custom="readingOrder {index:4;}">
                    <Coords points="824,829 858,829 858,852 824,852"/>
                    <TextEquiv>
                        <Unicode>ist</Unicode>
                    </TextEquiv>
                    <TextStyle fontFamily="Times New Roman" fontSize="8.0"/>
                </Word>
                <Word id="w_w2aab1b9b2c35b1b5b1" language="English" custom="readingOrder {index:5;}">
                    <Coords points="877,829 943,829 943,852 877,852"/>
                    <TextEquiv>
                        <Unicode>istos</Unicode>
                    </TextEquiv>
                    <TextStyle fontFamily="Times New Roman" fontSize="9.0" italic="true"/>
                </Word>
                <Word id="w_w2aab1b9b2c35b1b7b1" language="English" custom="readingOrder {index:6;}">
                    <Coords points="962,832 1172,832 1172,860 962,860"/>
                    <TextEquiv>
                        <Unicode>ausgestrichen.</Unicode>
                    </TextEquiv>
                    <TextStyle fontFamily="Times New Roman" fontSize="8.0"/>
                </Word>
                <Word id="w_w2aab1b9b2c35b1b8b1" language="English" custom="readingOrder {index:7;}">
                    <Coords points="1192,843 1223,843 1223,848 1192,848"/>
                    <TextEquiv>
                        <Unicode>—</Unicode>
                    </TextEquiv>
                    <TextStyle fontFamily="Times New Roman" fontSize="8.0"/>
                </Word>
                <TextEquiv>
                    <Unicode>(H 93) nach sermones ist istos ausgestrichen. —</Unicode>
                </TextEquiv>
            </TextLine>
            <TextEquiv>
                <Unicode>(H 93) nach sermones ist istos ausgestrichen. —</Unicode>
            </TextEquiv>
        </TextRegion>
        <TextRegion type="paragraph" id="r_5_19" custom="readingOrder {index:21;}">
            <Coords points="444,858 1580,858 1580,903 444,903"/>
            <TextLine id="tl_25" primaryLanguage="English" custom="readingOrder {index:0;}">
                <Coords points="445,859 1579,859 1579,902 445,902"/>
                <Baseline points="445,894 479,887 508,892 618,886 733,880 786,886 848,887 919,887 972,881 1118,900 1172,891 1287,884 1316,891 1387,890 1433,889 1516,891 1579,884"/>
                <Word id="w_w2aab1b9b2c37b1ab1" language="English" custom="readingOrder {index:0;}">
                    <Coords points="445,859 479,859 479,894 445,894"/>
                    <TextEquiv>
                        <Unicode>(0</Unicode>
                    </TextEquiv>
                    <TextStyle fontFamily="Times New Roman" fontSize="8.0"/>
                </Word>
                <Word id="w_w2aab1b9b2c37b1ab7" language="English" custom="readingOrder {index:1;}">
                    <Coords points="493,862 539,862 539,894 493,894"/>
                    <TextEquiv>
                        <Unicode>95)</Unicode>
                    </TextEquiv>
                    <TextStyle fontFamily="Times New Roman" fontSize="8.0"/>
                </Word>
                <Word id="w_w2aab1b9b2c37b1b1b1" language="English" custom="readingOrder {index:2;}">
                    <Coords points="582,863 685,863 685,894 582,894"/>
                    <TextEquiv>
                        <Unicode>duplex</Unicode>
                    </TextEquiv>
                    <TextStyle fontFamily="Times New Roman" fontSize="9.0" italic="true"/>
                </Word>
                <Word id="w_w2aab1b9b2c37b1b2b3" language="English" custom="readingOrder {index:3;}">
                    <Coords points="700,865 733,865 733,894 700,894"/>
                    <TextEquiv>
                        <Unicode>—</Unicode>
                    </TextEquiv>
                    <TextStyle fontFamily="Times New Roman" fontSize="8.0"/>
                </Word>
                <Word id="w_w2aab1b9b2c37b1b3b1" language="English" custom="readingOrder {index:4;}">
                    <Coords points="747,865 813,865 813,894 747,894"/>
                    <TextEquiv>
                        <Unicode>post</Unicode>
                    </TextEquiv>
                    <TextStyle fontFamily="Times New Roman" fontSize="9.0" italic="true"/>
                </Word>
                <Word id="w_w2aab1b9b2c37b1b5b1" language="English" custom="readingOrder {index:5;}">
                    <Coords points="833,863 861,863 861,895 833,895"/>
                    <TextEquiv>
                        <Unicode>d]</Unicode>
                    </TextEquiv>
                    <TextStyle fontFamily="Times New Roman" fontSize="8.0"/>
                </Word>
                <Word id="w_w2aab1b9b2c37b1b6b1" language="English" custom="readingOrder {index:6;}">
                    <Coords points="882,863 919,863 919,887 882,887"/>
                    <TextEquiv>
                        <Unicode>dd</Unicode>
                    </TextEquiv>
                    <TextStyle fontFamily="Times New Roman" fontSize="8.0"/>
                </Word>
                <Word id="w_w2aab1b9b2c37b1b6b7" language="English" custom="readingOrder {index:7;}">
                    <Coords points="940,867 972,867 972,895 940,895"/>
                    <TextEquiv>
                        <Unicode>—</Unicode>
                    </TextEquiv>
                    <TextStyle fontFamily="Times New Roman" fontSize="8.0"/>
                </Word>
                <Word id="w_w2aab1b9b2c37b1b7b1" language="English" custom="readingOrder {index:8;}">
                    <Coords points="988,865 1118,865 1118,900 988,900"/>
                    <TextEquiv>
                        <Unicode>possunt\</Unicode>
                    </TextEquiv>
                    <TextStyle fontFamily="Times New Roman" fontSize="9.0" italic="true"/>
                </Word>
                <Word id="w_w2aab1b9b2c37b1b7c19" language="English" custom="readingOrder {index:9;}">
                    <Coords points="1138,867 1235,867 1235,892 1138,892"/>
                    <TextEquiv>
                        <Unicode>debent</Unicode>
                    </TextEquiv>
                    <TextStyle fontFamily="Times New Roman" fontSize="9.0" italic="true"/>
                </Word>
                <Word id="w_w2aab1b9b2c37b1b8b3" language="English" custom="readingOrder {index:10;}">
                    <Coords points="1253,867 1287,867 1287,891 1253,891"/>
                    <TextEquiv>
                        <Unicode>—</Unicode>
                    </TextEquiv>
                    <TextStyle fontFamily="Times New Roman" fontSize="8.0"/>
                </Word>
                <Word id="w_w2aab1b9b2c37b1b9b1" language="English" custom="readingOrder {index:11;}">
                    <Coords points="1304,867 1333,867 1333,891 1304,891"/>
                    <TextEquiv>
                        <Unicode>in</Unicode>
                    </TextEquiv>
                    <TextStyle fontFamily="Times New Roman" fontSize="9.0" italic="true"/>
                </Word>
                <Word id="w_w2aab1b9b2c37b1c10b3" language="English" custom="readingOrder {index:12;}">
                    <Coords points="1352,873 1402,873 1402,890 1352,890"/>
                    <TextEquiv>
                        <Unicode>vor</Unicode>
                    </TextEquiv>
                    <TextStyle fontFamily="Times New Roman" fontSize="8.0"/>
                </Word>
                <Word id="w_w2aab1b9b2c37b1c11b1" language="English" custom="readingOrder {index:13;}">
                    <Coords points="1415,874 1433,874 1433,889 1415,889"/>
                    <TextEquiv>
                        <Unicode>n</Unicode>
                    </TextEquiv>
                    <TextStyle fontFamily="Times New Roman" fontSize="9.0" italic="true"/>
                </Word>
                <Word id="w_w2aab1b9b2c37b1c13b1" language="English" custom="readingOrder {index:14;}">
                    <Coords points="1448,865 1524,865 1524,892 1448,892"/>
                    <TextEquiv>
                        <Unicode>fehlt.</Unicode>
                    </TextEquiv>
                    <TextStyle fontFamily="Times New Roman" fontSize="8.0"/>
                </Word>
                <Word id="w_w2aab1b9b2c37b1c14b1" language="English" custom="readingOrder {index:15;}">
                    <Coords points="1547,881 1579,881 1579,884 1547,884"/>
                    <TextEquiv>
                        <Unicode>—</Unicode>
                    </TextEquiv>
                    <TextStyle fontFamily="Times New Roman" fontSize="8.0"/>
                </Word>
                <TextEquiv>
                    <Unicode>(O 95) duplex — post d] dd — possunt] debent — in vor n fehlt. —</Unicode>
                </TextEquiv>
            </TextLine>
            <TextEquiv>
                <Unicode>(O 95) duplex — post d] dd — possunt] debent — in vor n fehlt. —</Unicode>
            </TextEquiv>
        </TextRegion>
        <TextRegion type="paragraph" id="r_5_20" custom="readingOrder {index:22;}">
            <Coords points="447,895 1033,895 1033,935 447,935"/>
            <TextLine id="tl_26" primaryLanguage="English" custom="readingOrder {index:0;}">
                <Coords points="448,896 1032,896 1032,934 448,934"/>
                <Baseline points="448,931 483,923 507,921 722,922 774,922 879,923 969,923 1032,918"/>
                <Word id="w_w2aab1b9b2c39b1ab1" language="English" custom="readingOrder {index:0;}">
                    <Coords points="448,896 483,896 483,931 448,931"/>
                    <TextEquiv>
                        <Unicode>(0</Unicode>
                    </TextEquiv>
                    <TextStyle fontFamily="Times New Roman" fontSize="8.0"/>
                </Word>
                <Word id="w_w2aab1b9b2c39b1ab7" language="English" custom="readingOrder {index:1;}">
                    <Coords points="497,898 541,898 541,929 497,929"/>
                    <TextEquiv>
                        <Unicode>14)</Unicode>
                    </TextEquiv>
                    <TextStyle fontFamily="Times New Roman" fontSize="8.0"/>
                </Word>
                <Word id="w_w2aab1b9b2c39b1b1b1" language="English" custom="readingOrder {index:2;}">
                    <Coords points="584,900 722,900 722,922 584,922"/>
                    <TextEquiv>
                        <Unicode>scribetur</Unicode>
                    </TextEquiv>
                    <TextStyle fontFamily="Times New Roman" fontSize="9.0" italic="true"/>
                </Word>
                <Word id="w_w2aab1b9b2c39b1b1c21" language="English" custom="readingOrder {index:3;}">
                    <Coords points="738,900 848,900 848,923 738,923"/>
                    <TextEquiv>
                        <Unicode>nomine</Unicode>
                    </TextEquiv>
                    <TextStyle fontFamily="Times New Roman" fontSize="9.0" italic="true"/>
                </Word>
                <Word id="w_w2aab1b9b2c39b1b2b3" language="English" custom="readingOrder {index:4;}">
                    <Coords points="867,899 879,899 879,923 867,923"/>
                    <TextEquiv>
                        <Unicode>s</Unicode>
                    </TextEquiv>
                    <TextStyle fontFamily="Times New Roman" fontSize="8.0"/>
                </Word>
                <Word id="w_w2aab1b9b2c39b1b3b1" language="English" custom="readingOrder {index:5;}">
                    <Coords points="901,899 977,899 977,925 901,925"/>
                    <TextEquiv>
                        <Unicode>fehlt.</Unicode>
                    </TextEquiv>
                    <TextStyle fontFamily="Times New Roman" fontSize="8.0"/>
                </Word>
                <Word id="w_w2aab1b9b2c39b1b4b1" language="English" custom="readingOrder {index:6;}">
                    <Coords points="999,912 1032,912 1032,918 999,918"/>
                    <TextEquiv>
                        <Unicode>—</Unicode>
                    </TextEquiv>
                    <TextStyle fontFamily="Times New Roman" fontSize="8.0"/>
                </Word>
                <TextEquiv>
                    <Unicode>(O 14) scribetur nomine s fehlt. —</Unicode>
                </TextEquiv>
            </TextLine>
            <TextEquiv>
                <Unicode>(O 14) scribetur nomine s fehlt. —</Unicode>
            </TextEquiv>
        </TextRegion>
        <TextRegion type="paragraph" id="r_5_21" custom="readingOrder {index:23;}">
            <Coords points="446,930 931,930 931,969 446,969"/>
            <TextLine id="tl_27" primaryLanguage="English" custom="readingOrder {index:0;}">
                <Coords points="447,931 930,931 930,968 447,968"/>
                <Baseline points="447,965 482,959 507,957 600,958 693,958 765,958 869,959 930,953"/>
                <Word id="w_w2aab1b9b2c41b1ab1" language="English" custom="readingOrder {index:0;}">
                    <Coords points="447,931 482,931 482,965 447,965"/>
                    <TextEquiv>
                        <Unicode>(0</Unicode>
                    </TextEquiv>
                    <TextStyle fontFamily="Times New Roman" fontSize="8.0"/>
                </Word>
                <Word id="w_w2aab1b9b2c41b1ab7" language="English" custom="readingOrder {index:1;}">
                    <Coords points="497,934 540,934 540,966 497,966"/>
                    <TextEquiv>
                        <Unicode>15)</Unicode>
                    </TextEquiv>
                    <TextStyle fontFamily="Times New Roman" fontSize="8.0"/>
                </Word>
                <Word id="w_w2aab1b9b2c41b1b1b1" language="English" custom="readingOrder {index:2;}">
                    <Coords points="583,936 629,936 629,958 583,958"/>
                    <TextEquiv>
                        <Unicode>vel</Unicode>
                    </TextEquiv>
                    <TextStyle fontFamily="Times New Roman" fontSize="9.0" italic="true"/>
                </Word>
                <Word id="w_w2aab1b9b2c41b1b3b1" language="English" custom="readingOrder {index:3;}">
                    <Coords points="647,934 733,934 733,965 647,965"/>
                    <TextEquiv>
                        <Unicode>(Zeile</Unicode>
                    </TextEquiv>
                    <TextStyle fontFamily="Times New Roman" fontSize="8.0"/>
                </Word>
                <Word id="w_w2aab1b9b2c41b1b4b1" language="English" custom="readingOrder {index:4;}">
                    <Coords points="755,933 781,933 781,968 755,968"/>
                    <TextEquiv>
                        <Unicode>1)</Unicode>
                    </TextEquiv>
                    <TextStyle fontFamily="Times New Roman" fontSize="8.0"/>
                </Word>
                <Word id="w_w2aab1b9b2c41b1b5b1" language="English" custom="readingOrder {index:5;}">
                    <Coords points="801,935 876,935 876,961 801,961"/>
                    <TextEquiv>
                        <Unicode>fehlt.</Unicode>
                    </TextEquiv>
                    <TextStyle fontFamily="Times New Roman" fontSize="8.0"/>
                </Word>
                <Word id="w_w2aab1b9b2c41b1b6b1" language="English" custom="readingOrder {index:6;}">
                    <Coords points="897,949 930,949 930,953 897,953"/>
                    <TextEquiv>
                        <Unicode>—</Unicode>
                    </TextEquiv>
                    <TextStyle fontFamily="Times New Roman" fontSize="8.0"/>
                </Word>
                <TextEquiv>
                    <Unicode>(O 15) vel (Zeile 1) fehlt. —</Unicode>
                </TextEquiv>
            </TextLine>
            <TextEquiv>
                <Unicode>(O 15) vel (Zeile 1) fehlt. —</Unicode>
            </TextEquiv>
        </TextRegion>
        <TextRegion type="paragraph" id="r_5_22" custom="readingOrder {index:24;}">
            <Coords points="444,965 1285,965 1285,1006 444,1006"/>
            <TextLine id="tl_28" primaryLanguage="English" custom="readingOrder {index:0;} textStyle {offset:14; length:1;fontSize:0.0; kerning:0; superscript:true;} textStyle {offset:25; length:1;fontSize:0.0; kerning:0; superscript:true;}">
                <Coords points="445,966 1284,966 1284,1005 445,1005"/>
                <Baseline points="445,1001 484,992 511,999 604,993 694,993 723,984 730,998 767,993 854,994 883,985 895,1003 985,993 1080,1004 1150,997 1185,997 1284,990"/>
                <Word id="w_w2aab1b9b2c43b1ab1" language="English" custom="readingOrder {index:0;}">
                    <Coords points="445,967 484,967 484,1001 445,1001"/>
                    <TextEquiv>
                        <Unicode>(H</Unicode>
                    </TextEquiv>
                    <TextStyle fontFamily="Times New Roman" fontSize="8.0"/>
                </Word>
                <Word id="w_w2aab1b9b2c43b1ab7" language="English" custom="readingOrder {index:1;}">
                    <Coords points="496,971 543,971 543,999 496,999"/>
                    <TextEquiv>
                        <Unicode>75)</Unicode>
                    </TextEquiv>
                    <TextStyle fontFamily="Times New Roman" fontSize="8.0"/>
                </Word>
                <Word id="w_w2aab1b9b2c43b1b1b1" language="English" custom="readingOrder {index:2;}">
                    <Coords points="585,976 657,976 657,993 585,993"/>
                    <TextEquiv>
                        <Unicode>nous</Unicode>
                    </TextEquiv>
                    <TextStyle fontFamily="Times New Roman" fontSize="9.0" italic="true"/>
                </Word>
                <Word id="w_w2aab1b9b2c43b1b2b3" language="English" custom="readingOrder {index:3;}">
                    <Coords points="675,977 710,977 710,993 675,993"/>
                    <TextEquiv>
                        <Unicode>no</Unicode>
                    </TextEquiv>
                    <TextStyle fontFamily="Times New Roman" fontSize="8.0"/>
                </Word>
                <Word id="w_w2aab1b9b2c43b1b3b1" language="English" custom="readingOrder {index:4;}">
                    <Coords points="711,967 723,967 723,984 711,984"/>
                    <TextEquiv>
                        <Unicode>9</Unicode>
                    </TextEquiv>
                    <TextStyle fontFamily="Times New Roman" fontSize="8.0" superscript="true"/>
                </Word>
                <Word id="w_w2aab1b9b2c43b1b4b1" language="English" custom="readingOrder {index:5;}">
                    <Coords points="724,977 730,977 730,998 724,998"/>
                    <TextEquiv>
                        <Unicode>,</Unicode>
                    </TextEquiv>
                    <TextStyle fontFamily="Times New Roman" fontSize="8.0"/>
                </Word>
                <Word id="w_w2aab1b9b2c43b1b5b1" language="English" custom="readingOrder {index:6;}">
                    <Coords points="749,977 818,977 818,994 749,994"/>
                    <TextEquiv>
                        <Unicode>votis</Unicode>
                    </TextEquiv>
                    <TextStyle fontFamily="Times New Roman" fontSize="9.0" italic="true"/>
                </Word>
                <Word id="w_w2aab1b9b2c43b1b6b3" language="English" custom="readingOrder {index:7;}">
                    <Coords points="836,977 870,977 870,994 836,994"/>
                    <TextEquiv>
                        <Unicode>uo</Unicode>
                    </TextEquiv>
                    <TextStyle fontFamily="Times New Roman" fontSize="8.0"/>
                </Word>
                <Word id="w_w2aab1b9b2c43b1b7b1" language="English" custom="readingOrder {index:8;}">
                    <Coords points="871,968 883,968 883,985 871,985"/>
                    <TextEquiv>
                        <Unicode>9</Unicode>
                    </TextEquiv>
                    <TextStyle fontFamily="Times New Roman" fontSize="8.0" superscript="true"/>
                </Word>
                <Word id="w_w2aab1b9b2c43b1b8b1" language="English" custom="readingOrder {index:9;}">
                    <Coords points="883,969 895,969 895,1003 883,1003"/>
                    <TextEquiv>
                        <Unicode>]</Unicode>
                    </TextEquiv>
                    <TextStyle fontFamily="Times New Roman" fontSize="8.0"/>
                </Word>
                <Word id="w_w2aab1b9b2c43b1b9b1" language="English" custom="readingOrder {index:10;}">
                    <Coords points="914,977 985,977 985,993 914,993"/>
                    <TextEquiv>
                        <Unicode>nous</Unicode>
                    </TextEquiv>
                    <TextStyle fontFamily="Times New Roman" fontSize="9.0" italic="true"/>
                </Word>
                <Word id="w_w2aab1b9b2c43b1b9c11" language="English" custom="readingOrder {index:11;}">
                    <Coords points="1003,977 1080,977 1080,1004 1003,1004"/>
                    <TextEquiv>
                        <Unicode>votis,</Unicode>
                    </TextEquiv>
                    <TextStyle fontFamily="Times New Roman" fontSize="9.0" italic="true"/>
                </Word>
                <Word id="w_w2aab1b9b2c43b1b9c25" language="English" custom="readingOrder {index:12;}">
                    <Coords points="1100,980 1150,980 1150,997 1100,997"/>
                    <TextEquiv>
                        <Unicode>noz</Unicode>
                    </TextEquiv>
                    <TextStyle fontFamily="Times New Roman" fontSize="9.0" italic="true"/>
                </Word>
                <Word id="w_w2aab1b9b2c43b1b9c33" language="English" custom="readingOrder {index:13;}">
                    <Coords points="1167,980 1224,980 1224,997 1167,997"/>
                    <TextEquiv>
                        <Unicode>voz,</Unicode>
                    </TextEquiv>
                    <TextStyle fontFamily="Times New Roman" fontSize="9.0" italic="true"/>
                </Word>
                <Word id="w_w2aab1b9b2c43b1c10b3" language="English" custom="readingOrder {index:14;}">
                    <Coords points="1247,985 1284,985 1284,990 1247,990"/>
                    <TextEquiv>
                        <Unicode>—</Unicode>
                    </TextEquiv>
                    <TextStyle fontFamily="Times New Roman" fontSize="8.0"/>
                </Word>
                <TextEquiv>
                    <Unicode>(H 75) nous no9, votis vo9] nous votis, noz voz, —</Unicode>
                </TextEquiv>
            </TextLine>
            <TextEquiv>
                <Unicode>(H 75) nous no9, votis vo9] nous votis, noz voz, —</Unicode>
            </TextEquiv>
        </TextRegion>
        <TextRegion type="paragraph" id="r_5_23" custom="readingOrder {index:25;}">
            <Coords points="442,1001 1777,1001 1777,1043 442,1043"/>
            <TextLine id="tl_29" primaryLanguage="English" custom="readingOrder {index:0;} textStyle {offset:60; length:1;fontSize:0.0; kerning:0; superscript:true;}">
                <Coords points="443,1002 1776,1002 1776,1042 443,1042"/>
                <Baseline points="443,1033 479,1029 502,1027 597,1028 651,1034 785,1037 832,1028 886,1023 971,1029 1053,1030 1153,1032 1317,1032 1422,1026 1462,1032 1492,1025 1503,1041 1638,1033 1658,1041 1722,1035 1776,1027"/>
                <Word id="w_w2aab1b9b2c45b1ab1" language="English" custom="readingOrder {index:0;}">
                    <Coords points="443,1002 479,1002 479,1033 443,1033"/>
                    <TextEquiv>
                        <Unicode>(0</Unicode>
                    </TextEquiv>
                    <TextStyle fontFamily="Times New Roman" fontSize="8.0"/>
                </Word>
                <Word id="w_w2aab1b9b2c45b1ab7" language="English" custom="readingOrder {index:1;}">
                    <Coords points="492,1004 536,1004 536,1035 492,1035"/>
                    <TextEquiv>
                        <Unicode>16)</Unicode>
                    </TextEquiv>
                    <TextStyle fontFamily="Times New Roman" fontSize="8.0"/>
                </Word>
                <Word id="w_w2aab1b9b2c45b1b1b1" language="English" custom="readingOrder {index:2;}">
                    <Coords points="580,1006 626,1006 626,1028 580,1028"/>
                    <TextEquiv>
                        <Unicode>vel</Unicode>
                    </TextEquiv>
                    <TextStyle fontFamily="Times New Roman" fontSize="9.0" italic="true"/>
                </Word>
                <Word id="w_w2aab1b9b2c45b1b3b1" language="English" custom="readingOrder {index:3;}">
                    <Coords points="643,1005 725,1005 725,1034 643,1034"/>
                    <TextEquiv>
                        <Unicode>(Zeile</Unicode>
                    </TextEquiv>
                    <TextStyle fontFamily="Times New Roman" fontSize="8.0"/>
                </Word>
                <Word id="w_w2aab1b9b2c45b1b4b1" language="English" custom="readingOrder {index:4;}">
                    <Coords points="744,1004 785,1004 785,1037 744,1037"/>
                    <TextEquiv>
                        <Unicode>2)]</Unicode>
                    </TextEquiv>
                    <TextStyle fontFamily="Times New Roman" fontSize="8.0"/>
                </Word>
                <Word id="w_w2aab1b9b2c45b1b4b9" language="English" custom="readingOrder {index:5;}">
                    <Coords points="806,1009 832,1009 832,1029 806,1029"/>
                    <TextEquiv>
                        <Unicode>et</Unicode>
                    </TextEquiv>
                    <TextStyle fontFamily="Times New Roman" fontSize="8.0"/>
                </Word>
                <Word id="w_w2aab1b9b2c45b1b4c15" language="English" custom="readingOrder {index:6;}">
                    <Coords points="851,1007 886,1007 886,1029 851,1029"/>
                    <TextEquiv>
                        <Unicode>—</Unicode>
                    </TextEquiv>
                    <TextStyle fontFamily="Times New Roman" fontSize="8.0"/>
                </Word>
                <Word id="w_w2aab1b9b2c45b1b5b1" language="English" custom="readingOrder {index:7;}">
                    <Coords points="904,1007 1018,1007 1018,1030 904,1030"/>
                    <TextEquiv>
                        <Unicode>illorum</Unicode>
                    </TextEquiv>
                    <TextStyle fontFamily="Times New Roman" fontSize="9.0" italic="true"/>
                </Word>
                <Word id="w_w2aab1b9b2c45b1b7b1" language="English" custom="readingOrder {index:8;}">
                    <Coords points="1038,1015 1086,1015 1086,1031 1038,1031"/>
                    <TextEquiv>
                        <Unicode>aus</Unicode>
                    </TextEquiv>
                    <TextStyle fontFamily="Times New Roman" fontSize="8.0"/>
                </Word>
                <Word id="w_w2aab1b9b2c45b1b8b1" language="English" custom="readingOrder {index:9;}">
                    <Coords points="1106,1017 1199,1017 1199,1032 1106,1032"/>
                    <TextEquiv>
                        <Unicode>eorum</Unicode>
                    </TextEquiv>
                    <TextStyle fontFamily="Times New Roman" fontSize="9.0" italic="true"/>
                </Word>
                <Word id="w_w2aab1b9b2c45b1c10b1" language="English" custom="readingOrder {index:10;}">
                    <Coords points="1221,1008 1368,1008 1368,1038 1221,1038"/>
                    <TextEquiv>
                        <Unicode>gebessert.</Unicode>
                    </TextEquiv>
                    <TextStyle fontFamily="Times New Roman" fontSize="8.0"/>
                </Word>
                <Word id="w_w2aab1b9b2c45b1c11b1" language="English" custom="readingOrder {index:11;}">
                    <Coords points="1392,1022 1422,1022 1422,1026 1392,1026"/>
                    <TextEquiv>
                        <Unicode>—</Unicode>
                    </TextEquiv>
                    <TextStyle fontFamily="Times New Roman" fontSize="8.0"/>
                </Word>
                <Word id="w_w2aab1b9b2c45b1c11b5" language="English" custom="readingOrder {index:12;}">
                    <Coords points="1444,1017 1479,1017 1479,1032 1444,1032"/>
                    <TextEquiv>
                        <Unicode>no</Unicode>
                    </TextEquiv>
                    <TextStyle fontFamily="Times New Roman" fontSize="8.0"/>
                </Word>
                <Word id="w_w2aab1b9b2c45b1c12b1" language="English" custom="readingOrder {index:13;}">
                    <Coords points="1480,1007 1492,1007 1492,1025 1480,1025"/>
                    <TextEquiv>
                        <Unicode>9</Unicode>
                    </TextEquiv>
                    <TextStyle fontFamily="Times New Roman" fontSize="8.0" superscript="true"/>
                </Word>
                <Word id="w_w2aab1b9b2c45b1c13b1" language="English" custom="readingOrder {index:14;}">
                    <Coords points="1493,1008 1548,1008 1548,1041 1493,1041"/>
                    <TextEquiv>
                        <Unicode>(us)</Unicode>
                    </TextEquiv>
                    <TextStyle fontFamily="Times New Roman" fontSize="8.0"/>
                </Word>
                <Word id="w_w2aab1b9b2c45b1c14b1" language="English" custom="readingOrder {index:15;}">
                    <Coords points="1569,1018 1638,1018 1638,1033 1569,1033"/>
                    <TextEquiv>
                        <Unicode>nous</Unicode>
                    </TextEquiv>
                    <TextStyle fontFamily="Times New Roman" fontSize="9.0" italic="true"/>
                </Word>
                <Word id="w_w2aab1b9b2c45b1c14c11" language="English" custom="readingOrder {index:16;}">
                    <Coords points="1648,1008 1658,1008 1658,1041 1648,1041"/>
                    <TextEquiv>
                        <Unicode>{</Unicode>
                    </TextEquiv>
                    <TextStyle fontFamily="Times New Roman" fontSize="9.0" italic="true"/>
                </Word>
                <Word id="w_w2aab1b9b2c45b1c15b1" language="English" custom="readingOrder {index:17;}">
                    <Coords points="1659,1009 1722,1009 1722,1042 1659,1042"/>
                    <TextEquiv>
                        <Unicode>we).</Unicode>
                    </TextEquiv>
                    <TextStyle fontFamily="Times New Roman" fontSize="8.0"/>
                </Word>
                <Word id="w_w2aab1b9b2c45b1c15c11" language="English" custom="readingOrder {index:18;}">
                    <Coords points="1744,1024 1776,1024 1776,1027 1744,1027"/>
                    <TextEquiv>
                        <Unicode>—</Unicode>
                    </TextEquiv>
                    <TextStyle fontFamily="Times New Roman" fontSize="8.0"/>
                </Word>
                <TextEquiv>
                    <Unicode>(O 16) vel (Zeile 2)] et — illorum aus eorum gebessert. — no9(us) nous (we). —</Unicode>
                </TextEquiv>
            </TextLine>
            <TextEquiv>
                <Unicode>(O 16) vel (Zeile 2)] et — illorum aus eorum gebessert. — no9(us) nous (we). —</Unicode>
            </TextEquiv>
        </TextRegion>
        <TextRegion type="paragraph" id="r_5_24" custom="readingOrder {index:26;}">
            <Coords points="443,1036 2107,1036 2107,1082 443,1082"/>
            <TextLine id="tl_30" primaryLanguage="English" custom="readingOrder {index:0;}">
                <Coords points="444,1037 2106,1037 2106,1081 444,1081"/>
                <Baseline points="444,1072 453,1072 506,1071 525,1064 674,1064 738,1065 793,1075 844,1067 895,1067 989,1067 1080,1067 1327,1069 1414,1068 1476,1069 1652,1077 1679,1070 1813,1070 1848,1071 2051,1072 2106,1067"/>
                <Word id="w_w2aab1b9b2c47b1ab1" language="English" custom="readingOrder {index:0;}">
                    <Coords points="444,1037 481,1037 481,1072 444,1072"/>
                    <TextEquiv>
                        <Unicode>(H</Unicode>
                    </TextEquiv>
                    <TextStyle fontFamily="Times New Roman" fontSize="8.0"/>
                </Word>
                <Word id="w_w2aab1b9b2c47b1b1b1" language="English" custom="readingOrder {index:1;}">
                    <Coords points="492,1044 506,1044 506,1071 492,1071"/>
                    <TextEquiv>
                        <Unicode>7</Unicode>
                    </TextEquiv>
                    <TextStyle fontFamily="Times New Roman" fontSize="8.0" subscript="true"/>
                </Word>
                <Word id="w_w2aab1b9b2c47b1b2b1" language="English" custom="readingOrder {index:2;}">
                    <Coords points="510,1038 538,1038 538,1075 510,1075"/>
                    <TextEquiv>
                        <Unicode>6)</Unicode>
                    </TextEquiv>
                    <TextStyle fontFamily="Times New Roman" fontSize="8.0"/>
                </Word>
                <Word id="w_w2aab1b9b2c47b1b3b1" language="English" custom="readingOrder {index:3;}">
                    <Coords points="580,1043 674,1043 674,1065 580,1065"/>
                    <TextEquiv>
                        <Unicode>nostre</Unicode>
                    </TextEquiv>
                    <TextStyle fontFamily="Times New Roman" fontSize="9.0" italic="true"/>
                </Word>
                <Word id="w_w2aab1b9b2c47b1b3c15" language="English" custom="readingOrder {index:4;}">
                    <Coords points="692,1044 782,1044 782,1066 692,1066"/>
                    <TextEquiv>
                        <Unicode>vestre</Unicode>
                    </TextEquiv>
                    <TextStyle fontFamily="Times New Roman" fontSize="9.0" italic="true"/>
                </Word>
                <Word id="w_w2aab1b9b2c47b1b4b1" language="English" custom="readingOrder {index:5;}">
                    <Coords points="783,1039 793,1039 793,1075 783,1075"/>
                    <TextEquiv>
                        <Unicode>]</Unicode>
                    </TextEquiv>
                    <TextStyle fontFamily="Times New Roman" fontSize="8.0"/>
                </Word>
                <Word id="w_w2aab1b9b2c47b1b5b1" language="English" custom="readingOrder {index:6;}">
                    <Coords points="813,1039 865,1039 865,1067 813,1067"/>
                    <TextEquiv>
                        <Unicode>Ms.</Unicode>
                    </TextEquiv>
                    <TextStyle fontFamily="Times New Roman" fontSize="8.0"/>
                </Word>
                <Word id="w_w2aab1b9b2c47b1b6b1" language="English" custom="readingOrder {index:7;}">
                    <Coords points="886,1051 938,1051 938,1068 886,1068"/>
                    <TextEquiv>
                        <Unicode>tire</Unicode>
                    </TextEquiv>
                    <TextStyle fontFamily="Times New Roman" fontSize="9.0" italic="true"/>
                </Word>
                <Word id="w_w2aab1b9b2c47b1b7b1" language="English" custom="readingOrder {index:8;}">
                    <Coords points="955,1051 1011,1051 1011,1072 955,1072"/>
                    <TextEquiv>
                        <Unicode>vre,</Unicode>
                    </TextEquiv>
                    <TextStyle fontFamily="Times New Roman" fontSize="9.0" italic="true"/>
                </Word>
                <Word id="w_w2aab1b9b2c47b1b9b1" language="English" custom="readingOrder {index:9;}">
                    <Coords points="1032,1042 1080,1042 1080,1067 1032,1067"/>
                    <TextEquiv>
                        <Unicode>das</Unicode>
                    </TextEquiv>
                    <TextStyle fontFamily="Times New Roman" fontSize="8.0"/>
                </Word>
                <Word id="w_w2aab1b9b2c47b1b9b9" language="English" custom="readingOrder {index:10;}">
                    <Coords points="1099,1043 1327,1043 1327,1077 1099,1077"/>
                    <TextEquiv>
                        <Unicode>paläographisch</Unicode>
                    </TextEquiv>
                    <TextStyle fontFamily="Times New Roman" fontSize="8.0"/>
                </Word>
                <Word id="w_w2aab1b9b2c47b1b9c39" language="English" custom="readingOrder {index:11;}">
                    <Coords points="1346,1043 1414,1043 1414,1069 1346,1069"/>
                    <TextEquiv>
                        <Unicode>auch</Unicode>
                    </TextEquiv>
                    <TextStyle fontFamily="Times New Roman" fontSize="8.0"/>
                </Word>
                <Word id="w_w2aab1b9b2c47b1b9c49" language="English" custom="readingOrder {index:12;}">
                    <Coords points="1433,1043 1476,1043 1476,1069 1433,1069"/>
                    <TextEquiv>
                        <Unicode>die</Unicode>
                    </TextEquiv>
                    <TextStyle fontFamily="Times New Roman" fontSize="8.0"/>
                </Word>
                <Word id="w_w2aab1b9b2c47b1b9c57" language="English" custom="readingOrder {index:13;}">
                    <Coords points="1497,1044 1652,1044 1652,1077 1497,1077"/>
                    <TextEquiv>
                        <Unicode>Auflösung</Unicode>
                    </TextEquiv>
                    <TextStyle fontFamily="Times New Roman" fontSize="8.0"/>
                </Word>
                <Word id="w_w2aab1b9b2c47b1b9c77" language="English" custom="readingOrder {index:14;}">
                    <Coords points="1670,1045 1698,1045 1698,1071 1670,1071"/>
                    <TextEquiv>
                        <Unicode>in</Unicode>
                    </TextEquiv>
                    <TextStyle fontFamily="Times New Roman" fontSize="8.0"/>
                </Word>
                <Word id="w_w2aab1b9b2c47b1c10b1" language="English" custom="readingOrder {index:15;}">
                    <Coords points="1718,1049 1813,1049 1813,1071 1718,1071"/>
                    <TextEquiv>
                        <Unicode>nostre</Unicode>
                    </TextEquiv>
                    <TextStyle fontFamily="Times New Roman" fontSize="9.0" italic="true"/>
                </Word>
                <Word id="w_w2aab1b9b2c47b1c10c15" language="English" custom="readingOrder {index:16;}">
                    <Coords points="1831,1049 1923,1049 1923,1071 1831,1071"/>
                    <TextEquiv>
                        <Unicode>vostre</Unicode>
                    </TextEquiv>
                    <TextStyle fontFamily="Times New Roman" fontSize="9.0" italic="true"/>
                </Word>
                <Word id="w_w2aab1b9b2c47b1c11b3" language="English" custom="readingOrder {index:17;}">
                    <Coords points="1941,1045 2051,1045 2051,1072 1941,1072"/>
                    <TextEquiv>
                        <Unicode>zulässt.</Unicode>
                    </TextEquiv>
                    <TextStyle fontFamily="Times New Roman" fontSize="8.0"/>
                </Word>
                <Word id="w_w2aab1b9b2c47b1c11c21" language="English" custom="readingOrder {index:18;}">
                    <Coords points="2074,1061 2106,1061 2106,1067 2074,1067"/>
                    <TextEquiv>
                        <Unicode>—</Unicode>
                    </TextEquiv>
                    <TextStyle fontFamily="Times New Roman" fontSize="8.0"/>
                </Word>
                <TextEquiv>
                    <Unicode>(H76) nostre vestre] Ms. nre vre, das paläographisch auch die Auflösung in nostre vostre zulässt. —</Unicode>
                </TextEquiv>
            </TextLine>
            <TextEquiv>
                <Unicode>(H76) nostre vestre] Ms. nre vre, das paläographisch auch die Auflösung in nostre vostre zulässt. —</Unicode>
            </TextEquiv>
        </TextRegion>
        <TextRegion type="paragraph" id="r_5_25" custom="readingOrder {index:27;}">
            <Coords points="579,1073 749,1073 749,1110 579,1110"/>
            <TextLine id="tl_31" primaryLanguage="English" custom="readingOrder {index:0;}">
                <Coords points="580,1074 748,1074 748,1109 580,1109"/>
                <Baseline points="580,1098 621,1109 658,1099 748,1093"/>
                <Word id="w_w2aab1b9b2c49b1ab1" language="English" custom="readingOrder {index:0;}">
                    <Coords points="580,1074 621,1074 621,1109 580,1109"/>
                    <TextEquiv>
                        <Unicode>ut]</Unicode>
                    </TextEquiv>
                    <TextStyle fontFamily="Times New Roman" fontSize="9.0" italic="true"/>
                </Word>
                <Word id="w_w2aab1b9b2c49b1ab9" language="English" custom="readingOrder {index:1;}">
                    <Coords points="641,1077 693,1077 693,1101 641,1101"/>
                    <TextEquiv>
                        <Unicode>vel.</Unicode>
                    </TextEquiv>
                    <TextStyle fontFamily="Times New Roman" fontSize="9.0" italic="true"/>
                </Word>
                <Word id="w_w2aab1b9b2c49b1b1b3" language="English" custom="readingOrder {index:2;}">
                    <Coords points="714,1088 748,1088 748,1093 714,1093"/>
                    <TextEquiv>
                        <Unicode>—</Unicode>
                    </TextEquiv>
                    <TextStyle fontFamily="Times New Roman" fontSize="8.0"/>
                </Word>
                <TextEquiv>
                    <Unicode>ut] vel. —</Unicode>
                </TextEquiv>
            </TextLine>
            <TextEquiv>
                <Unicode>ut] vel. —</Unicode>
            </TextEquiv>
        </TextRegion>
    </Page>
</PcGts>
