2481 1749
209 176 339 208 XVIII

423 175 467 218 (T
485 176 536 221 i8)
565 177 716 219 Quando
742 177 855 209 diccio
877 175 1117 212 monosillaba
1140 175 1258 218 incipit
1279 184 1345 215 per
1366 184 1393 210 j,
1418 174 1511 205 solet
1528 171 1712 204 rotundari
1735 169 1891 210 exempli
1914 167 2051 210 gracia:
2086 175 2165 197 sum

378 218 414 250 si
436 230 472 251 se
493 223 545 251 sei
567 226 601 251 et
624 219 760 251 similia.

246 272 343 304 XIX

423 273 467 316 (T
486 273 535 316 19)
560 272 803 313 Diff[erentia]
830 277 884 305 est
908 271 943 304 in
967 270 1115 308 Gallicis
1140 271 1250 308 mund
1267 270 1371 302 munt
1393 274 1429 301 et
1452 268 1588 302 similia.

265 327 343 358 XX

425 328 539 369 (Ï21)
571 329 661 359 Item
689 329 906 368 quandoque
930 337 965 357 m
993 326 1029 357 in
1057 328 1179 370 aliqua
1202 324 1357 360 diccione
1383 324 1547 365 precedit
1569 324 1662 356 hanc
1686 321 1940 355 consonantem
1962 321 1986 356 t,
2013 319 2038 356 [1
2040 319 2168 359 .»?]/>

382 372 490 404 debet
512 370 687 411 interponi
707 370 809 411 verbi
830 369 954 411 gracia
976 368 1177 410 dampnum.

247 424 342 457 XXI

427 425 471 466 [T
488 427 538 465 22)
560 426 766 456 Notandum
784 425 881 465 quod
903 424 1062 465 spacium
1085 424 1177 459 inter
1200 422 1377 457 dicciones
1401 420 1596 452 continebit
1618 420 1840 451 latitudinem
1863 418 1965 449 huius
1993 417 2109 448 littere
2132 425 2168 446 n.

235 479 347 511 XXII

426 479 470 521 (T
486 481 538 520 23)
572 479 662 512 Item
695 479 731 512 in
762 478 833 512 fine
864 479 967 516 linee,
1003 478 1032 511 si
1066 489 1215 514 necesse
1236 476 1351 513 fuerit,
1384 479 1505 517 potest
1532 475 1644 508 diccio
1670 473 1927 515 dissil[l]abari,
1953 471 2018 504 sed
2041 470 2170 503 sillabci

381 523 476 554 nullo
498 523 604 553 modo
630 526 829 562 separatur.

216 576 347 608 XXIII

425 575 469 619 (T
483 577 536 617 24)
560 576 650 608 Item
686 577 796 618 longe
832 575 950 607 littere
984 585 1023 607 se
1058 578 1254 609 extendunt
1286 583 1400 614 usque
1432 573 1478 603 ad
1511 572 1666 604 medium
1701 570 1860 612 spacium
1883 569 2110 601 interlineare
2134 572 2170 598 et

385 621 529 659 quando
555 620 667 650 diccio
692 624 858 650 oneratur
881 618 1008 649 litteris
1030 618 1159 658 longis,
1186 617 1359 651 scribatur
1391 616 1527 655 absque
1554 615 1676 646 titellis
1701 613 1802 653 verbi
1828 613 1953 653 gracia
1986 611 2171 642 abscondet

386 660 538 703 Galfrid
542 662 555 682 9
581 666 616 693 et
639 661 689 692 sic
713 661 757 692 de
780 660 961 692 similibus.

218 715 349 747 XXIV

429 714 472 756 (T
487 716 539 756 25)
562 716 652 754 Itgm
676 716 722 746 ad
744 715 814 746 hoc
836 715 935 756 quod
958 714 1078 746 littera
1103 720 1235 755 equata
1256 711 1431 743 linealiter
1445 711 1629 747 scribatur,
1654 710 1762 740 debet
1775 708 1901 749 plicari
1916 709 1972 739 vel
1994 707 2132 746 [lineari
2140 708 2169 746 ?]

385 768 642 799 pergamenum
666 767 732 799 pro
757 756 932 798 superiori
955 761 1053 788 et...
1076 755 1230 796 primam
1250 754 1380 785 lineam
1403 763 1467 784 seu
1489 752 1585 784 illam
1606 751 1736 793 plicam
1762 760 1852 791 eque
1877 750 2031 791 dirigeri.

234 811 348 842 XXV

432 811 475 851 (T
490 812 542 851 26)
575 812 665 843 Item
701 811 888 843 scribendo
922 810 1073 841 litteram
1109 810 1363 850 posteriorem,
1403 808 1566 839 sillabam
1605 806 1663 837 vel
1699 805 1908 841 diccionem,
1943 804 2172 836 considerare

386 854 554 895 [debes?]
578 854 735 885 litteram
760 853 974 884 anteriorem
998 857 1034 883 et
1054 852 1355 893 propinquiorem.

219 909 350 940 XXVI

432 908 546 947 (T27)
569 908 660 939 Item
681 909 717 939 in
740 907 903 938 omnibus
926 906 1145 938 diccionibus
1170 906 1306 945 Latine,
1329 904 1364 935 in
1388 904 1514 944 quibus
1541 904 1607 935 hec
1629 901 1747 934 littera
1770 901 1785 933 l
1806 902 1960 942 ponitur,
1987 901 2022 932 in
2046 901 2172 932 eadem

388 950 549 982 diccione
573 949 708 981 Gallice
747 949 855 980 debet
887 949 982 989 poni,
1016 947 1119 988 verbi
1143 947 1266 988 gracia
1293 946 1442 976 multum
1464 945 1500 976 in
1521 944 1650 976 Latino
1673 948 1822 975 vocatur
1844 943 1928 974 molt
1948 942 2006 974 vel
2029 941 2121 973 mult
2131 943 2172 983 (?)

384 992 419 1023 in
444 991 592 1025 Gallico.
