2481 1749
1086 230 1338 269 Varianten.

467 329 499 351 In
515 327 559 353 CO
575 329 651 353 führt
672 330 720 353 der
741 330 854 354 Traktat
873 331 917 354 die
935 331 1126 356 Ueberschrist
1137 334 1142 357 :
1167 334 1378 365 Orthographia
1401 334 1512 359 Gallica
1533 342 1561 361 et
1578 346 1703 369 congrua
1724 334 1880 362 in’litteris
1903 341 2023 366 Gallicis
2046 343 2100 367 dic¬

316 366 373 387 tata
394 365 544 388 secundum
566 372 647 389 usum
666 366 867 390 modernorum.
905 365 988 390 AVird
1008 367 1056 391 mit
1078 368 1139 392 dem
1159 369 1305 393 Ausdruck
1326 371 1476 394 secundum
1496 379 1578 397 usum
1598 374 1790 398 modernomun
1810 374 1858 397 auf
1865 374 1951 401 ältere
1968 378 2101 403 Abhand¬

315 398 416 429 lungen
435 399 561 430 gleichen
580 400 685 424 Inhalts
707 400 773 426 oder
792 409 842 425 nur
864 401 911 425 auf
927 401 971 425 die
993 403 1106 428 Zusätze
1127 410 1179 429 von
1199 404 1214 433 z
1234 404 1364 438 (Vorlage
1383 404 1436 432 von
1458 404 1515 440 CO)
1536 409 1687 442 angespielt
1696 409 1705 433 ?

369 477 382 512 I
435 478 492 512 (CO
508 479 532 514 I)

434 514 468 548 (T
483 522 497 538 2
500 516 510 548 )

434 549 473 585 (H
486 550 512 582 2)

432 566 510 616 (H 4)
434 656 472 692 (H
485 665 500 691 4
504 662 515 675 a
517 656 527 692 )

367 871 395 895 II

434 833 465 868 (0
477 836 505 867 3)

433 869 470 905 (II
484 872 509 903 5)

434 906 467 940 (0
479 908 505 939 4)

430 942 508 976 (T4)

432 978 468 1012 (H
480 980 495 1004 6
498 981 507 1012 )

434 1013 469 1047 (0
481 1016 496 1038 6
497 1016 508 1048 )

574 481 684 506 Gallica
704 491 737 508 —
758 487 785 508 et
801 484 904 508 similia
926 482 995 507 fehlt
1021 482 1042 510 C
1063 487 1095 510 —
1117 487 1178 510 bien
1199 487 1277 511 chien
1300 487 1360 510 rien
1381 491 1431 513 etc.
1447 487 1490 522 (0)
1525 505 1546 509 —

573 518 649 541 Ornez
671 526 702 541 —
724 518 824 552 menez]
846 519 893 541 ehe
895 525 939 540 nez
961 532 995 535 —

572 552 661 584 hujus
663 551 672 585 ]
693 554 747 584 hm,
768 554 826 579 also
846 551 1011 585 hujusmodi
1028 554 1080 582 wie
1100 554 1120 582 C
1133 563 1147 581 2
1170 571 1201 575 —
1222 565 1253 589 pr
1255 558 1402 590 acessione,
1423 560 1526 588 ebenso
1547 560 1569 589 0
1583 569 1607 588 2.
1639 578 1663 581 —

569 590 665 612 saches
667 588 677 622 ]
700 589 754 616 Ms.
784 591 829 614 hat
859 596 909 612 nur
935 590 998 614 ches
1030 592 1097 616 oder
1125 601 1181 616 mes
1210 591 1269 624 (der
1292 598 1313 617 i.
1334 593 1490 621 Buchstabe
1510 598 1546 622 ist
1566 598 1682 624 nämlich
1703 606 1733 623 so
1752 597 1920 629 beschädigt,
1951 600 2015 626 dass
2034 610 2098 628 man

569 624 721 655 ebensogut
741 626 861 649 unciales
881 632 906 647 m
926 626 978 650 wie
999 628 1031 650 ch
1052 628 1129 652 lesen
1148 627 1240 659 kann).
1263 640 1291 644 —

570 659 710 685 Zwischen
741 661 779 686 lez
803 660 856 685 und
886 666 932 684 cas
960 661 1004 687 ein
1027 662 1094 690 Riss
1114 663 1150 688 im
1171 662 1249 689 Blatt.
1271 663 1303 688 —
1327 663 1394 693 dont
1413 667 1479 694 lune
1479 665 1489 701 ]
1510 668 1596 695 davon
1616 670 1651 695 ist
1673 670 1709 696 im
1728 669 1779 696 Ms.
1799 676 1849 693 nur
1877 669 1925 695 das
1948 671 2061 699 Schluss
2084 684 2099 699 e

569 697 624 720 und
654 704 695 720 am
724 698 836 727 Anfang
865 696 908 719 ein
934 697 1041 722 kleiner
1068 700 1220 724 Buchstabe
1244 707 1275 722 zu
1303 701 1396 732 sehen,
1434 704 1482 728 der
1504 713 1526 733 c,
1547 713 1572 736 o,
1592 715 1607 730 a
1626 707 1693 731 oder
1711 708 1727 731 d
1748 705 1858 737 gelesen
1878 708 1989 732 werden
2009 709 2094 738 kann;

568 731 700 756 zwischen
720 732 819 757 beiden
839 731 874 754 ist
895 731 986 757 Raum
1006 734 1049 758 für
1067 741 1080 766 4
1089 749 1117 753 —
1124 742 1137 766 5
1158 734 1340 765 Buchstaben,
1364 737 1408 763 die
1428 740 1559 764 ausradirt
1578 742 1646 766 sind.
1666 750 1698 766 —•
1722 740 1840 772 casibus']
1856 742 2004 768 senkrecht
2018 749 2097 770 unter

568 765 649 800 [dont
666 766 752 803 l’une]
773 769 808 793 ist
828 766 912 791 durch
933 768 977 793 die
996 770 1090 802 vorige
1109 772 1200 795 Rasur
1217 768 1388 805 beschädigt,
1409 782 1441 800 so
1461 775 1523 799 dass
1542 784 1593 802 nur
1611 777 1655 802 die
1673 781 1750 803 unter
1768 776 1811 800 die
1829 776 1910 803 Linie
1929 780 2096 807 reichenden

567 803 740 827 Buchstaben
759 813 773 828 r
792 804 846 828 und
868 803 912 827 die
932 813 945 827 z
964 806 1091 832 ähnliche
1112 805 1295 831 Abbreviatur
1315 809 1359 833 für
1378 818 1422 835 -us
1442 818 1473 834 zu
1493 811 1569 836 lesen
1589 814 1658 838 sind.
1677 827 1712 831 —

566 839 771 870 pronunciatur
792 840 824 862 —•
845 839 885 862 bie
887 845 898 861 s
920 842 952 863 —
973 842 1018 865 lez.
1043 855 1069 859 —

563 874 684 907 Jjemaee
704 875 737 900 —
759 876 839 900 donee
861 881 892 898 —
915 877 1055 908 enseigne.

561 909 707 942 femenini
725 920 757 943 —
775 910 931 943 geminabit
950 920 980 935 ee
1000 913 1034 945 —
1056 911 1098 947 (C)
1118 915 1238 937 honoree
1258 913 1305 948 (0)
1326 918 1456 942 hononre.

561 944 640 979 jeme
659 951 700 970 est
702 945 710 979 ]
725 947 823 980 ffeine,
844 950 904 975 este,
925 960 958 964 —

564 983 770 1014 pronuntietur
789 991 824 1014 —•
840 981 972 1014 geminat.
994 999 1024 1002 —

567 1022 658 1049 meynt
658 1016 668 1048 ]
689 1019 765 1042 vient
783 1033 813 1036 —
836 1016 902 1051 (CO)
915 1017 962 1051 [e]J
983 1028 1042 1043 cum
1067 1026 1095 1052 —
1112 1023 1315 1052 pronuntiatur
1337 1024 1370 1055 —
1392 1021 1438 1056 (0)
1458 1028 1607 1057 semiplene
1607 1027 1618 1059 ]
1640 1036 1669 1051 se
1688 1029 1803 1059 implere
1829 1038 1855 1053 —
1877 1032 1983 1055 meinte.
