3424 4640
719 432 1874 565 nomme nōme  celluy qui tel deshonneur vous pour
718 548 1869 660 chasse. mais que de tant vous me veullez
719 648 1867 751 croire que en toute la court ny a plus
718 732 1871 833 dissolue ne deshonneste femme que la vostre
724 820 1861 931 que tant chier vous tenes dont vostre corps
721 900 1864 1028 est en da ger et peril Ja elle pourch as
739 1014 1865 1109 se nuyt et lour maniere de Vus fair e
722 1086 1861 1203 mourir.affin de mieuly faire sa vu
718 1188 1860 1291 lente. Et pourtant ie suis tenu pe Vu
730 1272 1872 1397 loir vstre profit et honeur gar der.
742 1361 1861 1487 Je ve auertis et fais assauor que
729 1451 1864 1551 voil a veullez auiser et coiriger tout
734 1569 1857 1646 au miely et plus secretemet que faire
721 1660 1857 1753 poures:ou aultrement le tiens vstre
736 1736 1841 1827 honeur perdue.etvostre persone des
721 1814 1868 1936 honouree.Car tr op est gran de infa
733 1929 1854 2025 mete entre les princes que vous cuides
737 2002 1861 2118 auoir espou se la seur du roy de fran
730 2106 1862 2217 ce pour la fleur de beaulte pe pru pens
727 2180 1855 2279 ce et de noblesse . Et vous auez vne
731 2272 1857 2392 pu tain q de vostre vie est ennemye.et
734 2357 1864 2470 vostre mort desire et appelle de lour
719 2455 1861 2553 en iour.pont ien suis despl aisant en
730 2539 1864 2663 laquelle chose veulle zreme dier tout
728 2639 1876 2741 au mieuly qui Vus poures pour vostre
734 2728 1864 2851 honeur garder: Qu ant lepereur ens
737 2811 1863 2950 ten dit le parler du traitre archeues
724 2906 1870 3032 que.le demandes pas sil en fut au
730 3005 1872 3093 cueur tresameremet dol ant et cour ou
720 3092 1858 3215 ce. Car de tant est il plus dolat quat
727 3186 1865 3307 on luy en raporte mauuaises nouuel
724 3269 1867 3380 les . Tempreur crut de legier les pa
730 3367 1864 3473 rolles du fauly archeuesque car en lui
730 3455 1861 3576 auoit sa cofidece plus que home vije
739 3571 1858 3669 ua t Il creut trop de legier par quoy
725 3637 1868 3755 grant incouenient puis aps il en sour
742 3738 1874 3852 dit. Il n'est plus grat danger a prin
727 3838 1845 3942 ce qu croire de legier Rempereur ne re
1963 444 3114 564 pondit riens Car tant fut espris de
1973 572 3096 662 courouy et n aure au cueur par fons
1960 639 2698 750 pment quil ur dit manier
1963 725 2701 849 Et sen ala parmy le pa
3003 748 3087 852 er t
2680 814 2755 872 s
1957 818 2758 940 al gemissant et gettat pos
2582 901 3088 958 o
1956 912 2722 1027 angoiseuy Duis ne se cis
2650 994 2687 1036 de
3046 1012 3078 1047 S
1951 997 2747 1118 mais ne prult son ire refr
3017 1026 3085 1184 e
1967 1101 2847 1213 tremprr.llais sen entr a sans
1954 1180 3082 1294 nef aire semblant redes la lelle cham
1957 1265 3094 1396 bre de bellissant qui gar de ne sen don
1954 1362 3085 1467 noit. et sas dire mot a dame ny a da
1964 1447 3095 1569 moise sle cruellemet et de fier cour a
1955 1534 3088 1661 ge vi t prendre la brlle dame enchier
1955 1643 3088 1738 vis.et par les cheueuly re so chief
1965 1723 3086 1846 la getta a terre sy ru demet qui dela fa
1963 1812 3091 1943 ce vcrmeisle il luy fist le sang saillir.
1960 1896 3081 2010 A donc se prist la dame trespiteuses
1955 1987 3081 2121 met a plourer et crier. RPelas.helas
1949 2082 3092 2191 moseigneux alle chosevus meult de
1954 2185 3085 2302 moy si oultrageusement sr apper et
1954 2278 3100 2377 batre . Car oncas lour re ma vie ie
1948 2355 3082 2466 ne v d fis qui tout honeur et lcal serui
1964 2450 3084 2555 ce de mon corps. A putain ce luy dist
1945 2541 3095 2643 lempereur Je suis trop bien informe
1966 2632 3092 2742 re vstre vie. Que mauldite soit leu
1960 2749 3090 2836 re et le iour que de dus pmier me vint
1951 2815 3077 2930 cognoissance.Ei la siert de rechief
1969 2907 3082 3023 sy fort et sy grant cou pque la noble da
1954 2992 3085 3099 me pr dit le parler. Et cinderent les
1952 3094 3090 3188 dames et damoyselles quelle fust mor
1956 3175 3093 3274 te:sy firet vug cry sy grant qui les ba
1958 3292 3094 3373 x ons et cLeu ain iers pe la court loir et
1963 3359 3081 3460 Et vidret en la chabre dot les ungz
1954 3460 3075 3556 leuer et bellissant la royne et les aul
1967 3541 3091 3662 tres prindrent lepreur en parlant a
1952 3630 3076 3746 lu y par telle maniere.Pelas sire co/
1964 3725 3093 3847 ment aues vous si cruel cour age de
1958 3811 3097 3950 Vuloir reffaire sy vaillant et noble
