1749 2481
363 77 391 100 II

466 162 535 191 Von
559 163 660 192 dieser
689 161 944 199 grammatischen
970 161 1135 190 Litteratur
1157 161 1277 191 scheint
1299 160 1362 189 sich

366 215 424 234 nur
446 205 587 244 Weniges
623 205 761 234 erhalten
791 214 826 233 zu
854 205 963 234 haben.
1009 203 1204 242 Wenigstens
1225 204 1295 233 sind
1318 203 1362 232 bis

361 249 445 287 jetzt,
471 249 649 286 abgesehen
672 257 732 277 von
749 249 807 277 den
824 248 1064 283 Vokabularien,
1088 248 1137 276 die
1156 256 1196 275 an
1218 248 1327 277 Mone
1341 244 1352 264 1
1354 269 1361 281 ,

367 292 430 322 Th.
453 291 605 329 Wright,
630 290 782 321 Scheler
806 292 832 322 u.
848 292 882 322 A.
898 292 962 321 ihre
975 290 1193 328 Herausgeber
1208 291 1361 327 gefunden

365 335 468 364 haben
489 336 554 363 und
578 335 638 363 den
660 334 794 373 übrigen,
819 335 869 363 die
891 345 949 364 von
974 334 1028 362 De
1052 333 1103 363 La
1125 333 1221 371 Rue,
1246 333 1280 362 F.
1303 332 1364 360 Mi¬

365 379 458 414 chel,
483 377 544 407 Th.
569 377 717 416 Wright,
751 378 781 408 P.
804 378 934 415 Meyer
957 378 1096 406 erwähnt
1116 377 1194 406 oder
1219 385 1364 413 auszugs¬

365 421 458 450 weise
481 420 661 459 mitgetheilt
685 422 808 450 worden
832 420 910 456 sind,
932 431 987 451 nur
1009 429 1026 457 3
1045 421 1194 450 Traktate
1212 421 1275 449 und
1291 420 1360 447 eine

0 0 0 0 5
0 0 0 0 4
0 0 0 0 3
366 463 697 502 Gesprächsammlung
704 462 716 482 2
740 465 960 494 veröffentlicht
983 466 1116 494 worden.
1154 464 1236 493 Zwei
1260 464 1362 492 dieser

366 506 523 545 Traktate,
541 508 597 536 das
615 508 678 544 sog.
703 508 861 536 Lotidoner
876 508 1040 536 Document
1047 505 1059 525 3
1081 505 1145 535 und
1170 505 1340 545 Coyfurelly
1351 514 1364 532 s

367 549 522 578 Tractahis
545 550 749 588 orthographie
770 550 924 588 gallicane
929 549 942 568 4
964 549 1113 577 beziehen
1136 548 1201 577 sich
1222 547 1362 584 lediglich

365 592 422 621 auf
431 594 481 621 die
495 592 691 630 Aussprache
705 594 768 621 und
781 591 1017 630 Orthographie,
1039 593 1095 620 der
1110 590 1202 619 dritte
1222 587 1366 619 Barion’s

364 636 483 670 Dpnait
494 634 635 675 francois
645 633 657 652 h
680 635 759 663 auch
782 636 962 664 ausserdem
986 633 1041 662 auf
1061 634 1111 663 die
1135 633 1361 662 Formenlehre.

465 678 524 707 Die
545 677 801 707 nachstehenden
825 678 929 706 Zeilen
951 677 1059 706 wollen
1082 677 1129 706 ein
1153 676 1364 705 Verzeichniss

364 722 443 749 oder
467 730 513 749 wo
537 730 570 750 es
593 722 646 749 mir
664 721 801 758 passend
826 719 933 749 schien
956 720 1033 749 auch
1050 721 1192 758 Auszüge
1216 729 1276 748 von
1292 718 1366 747 ähn¬

362 764 463 793 lichen
489 764 655 793 Traktaten
678 764 814 801 bringen,
848 764 897 793 die
930 763 978 792 ich
1012 763 1043 791 in
1066 764 1126 792 den
1150 762 1363 792 Bibliotheken

364 816 424 835 von
444 807 588 841 London,
600 807 717 837 Oxford
730 809 793 836 und
807 806 994 844 Cambridge
1005 806 1161 843 gefunden
1173 807 1259 836 habe.
1283 805 1364 834 Dass

367 859 428 878 von
439 850 495 879 mir
518 851 609 879 dabei
623 850 732 886 Vieles,
758 850 943 880 namentlich
968 848 1104 878 kleinere
1118 849 1363 885 Abhandlungen

366 897 543 931 entgangen
581 893 658 928 sind,
689 893 727 922 ist
761 894 1020 928 vorauszusehen,
1056 894 1097 921 da
1128 892 1178 920 die
1212 891 1365 928 Kataloge

364 935 455 971 (auch
489 937 539 965 die
574 945 634 965 von
666 936 784 965 Oxford
811 937 875 965 und
898 933 1097 974 Cambridge)
1128 936 1158 964 in
1184 934 1286 964 dieser
1307 933 1364 962 Be¬

363 979 493 1016 ziehung
512 978 581 1007 sehr
603 979 657 1007 viel
681 988 717 1007 zu
741 980 906 1008 wünschen
921 979 1008 1016 übrig
1024 979 1135 1010 lassen.
1165 978 1230 1007 Der
1246 978 1363 1007 Heber¬

363 1021 563 1051 sichtlichkeit
586 1021 691 1049 halber
717 1021 802 1050 führe
824 1022 871 1050 ich
894 1022 1040 1050 zunächst
1060 1023 1111 1052 die
1133 1021 1281 1051 Traktate
1310 1031 1363 1054 an,

364 1065 415 1092 die
440 1064 495 1094 auf
516 1064 755 1102 Aussprache
777 1065 855 1092 und
879 1063 1179 1103 Orthographie,
1204 1065 1289 1093 dann
1303 1064 1362 1098 die,

364 1107 479 1136 welche
502 1107 557 1135 auf
577 1107 626 1135 die
649 1106 922 1136 Formenlehre
946 1108 1010 1135 und
1032 1107 1149 1136 endlich
1167 1106 1227 1141 die,
1250 1106 1365 1135 welche

362 1150 419 1179 auf
439 1149 488 1179 die
512 1149 788 1188 Komposizion
811 1149 913 1187 Bezug
938 1149 1047 1179 haben.
1091 1149 1188 1178 Diese
1212 1148 1363 1177 Dreithei-

362 1192 437 1230 lung
463 1194 503 1222 ist
537 1193 614 1222 auch
640 1193 737 1222 schon
761 1193 855 1222 durch
880 1194 932 1222 die
955 1192 1225 1222 handschriftliche
1249 1191 1365 1221 Heber¬

366 1235 513 1273 lieferung
535 1236 678 1273 geboten.

463 1370 472 1389 1
492 1370 578 1396 Sollte
605 1371 676 1396 nicht
702 1371 749 1396 das
774 1373 825 1397 Ms.
854 1380 905 1397 von
936 1373 970 1398 A.
990 1372 1155 1397 Neckam’s
1179 1373 1313 1397 Utensilia
1336 1372 1364 1396 in

362 1408 491 1442 Cambray
519 1407 577 1438 (Nr.
601 1408 672 1440 867),
697 1408 743 1433 das
766 1408 875 1433 Scheler
899 1416 944 1433 um
966 1409 1032 1440 1867
1056 1417 1108 1434 neu
1126 1408 1249 1434 entdeckt
1268 1409 1313 1433 hat
1331 1412 1363 1435 (s,

362 1444 569 1477 Lexicographie
600 1445 654 1470 Lat.
682 1444 717 1469 du
742 1445 799 1469 XII
801 1450 812 1463 e
834 1445 860 1469 et
878 1445 950 1469 XIII
952 1451 963 1463 e
988 1452 1008 1469 s.
1029 1453 1054 1478 p.
1075 1446 1117 1477 85)
1147 1445 1271 1469 dasselbe
1301 1445 1364 1473 sein,

363 1481 409 1505 das
429 1490 479 1506 von
497 1482 579 1506 Mone
601 1480 781 1513 (Anzeiger
802 1481 881 1513 1835)
904 1480 1010 1506 freilich
1030 1486 1106 1507 unter
1125 1482 1183 1506 dem
1200 1481 1270 1506 Xitel
1289 1482 1362 1507 Dies,

364 1518 396 1542 de
417 1518 579 1543 Garlandus
599 1517 796 1542 veröffentlicht
814 1518 922 1542 worden
942 1517 1011 1542 war?

462 1552 474 1571 2
491 1554 530 1578 La
557 1553 677 1579 Manière
698 1553 732 1579 de
750 1553 875 1588 Langage
896 1553 957 1588 [von
968 1554 998 1579 P.
1012 1552 1115 1587 Meyer]
1130 1553 1194 1585 1873
1215 1555 1281 1580 nach
1302 1554 1363 1579 dem

361 1590 438 1615 Harl.
458 1591 523 1616 Mss.
545 1591 613 1621 3988
643 1589 769 1624 publizirt
797 1590 851 1616 und
881 1599 934 1615 von
962 1590 992 1615 E.
1013 1591 1121 1623 Stengel
1144 1590 1210 1623 1879
1230 1591 1297 1616 nach
1316 1591 1364 1614 der

363 1627 423 1653 Oxf.
448 1627 550 1652 Hdsch.
579 1627 627 1653 All
648 1626 728 1651 Souls
750 1627 798 1653 182
825 1628 932 1659 ergänzt
955 1627 1055 1661 (Ztsch.
1081 1628 1098 1652 f.
1118 1628 1167 1653 nfr.
1186 1628 1242 1660 Spr.
1267 1628 1291 1653 u.
1311 1627 1363 1651 Lit.

362 1665 383 1696 I-
405 1663 513 1697 4-15)-

467 1698 478 1717 3
498 1700 538 1725 ed.
553 1700 594 1725 Th
623 1699 733 1731 Wright
754 1698 784 1731 (s.
803 1707 828 1724 u.
849 1701 874 1732 p.
895 1697 1015 1733 XXIV).

462 1735 474 1753 4
492 1736 533 1761 ed.
554 1736 586 1762 E.
608 1735 715 1768 Stengel
734 1737 763 1768 (1.
784 1745 804 1762 c.
828 1736 951 1770 16—22).

462 1772 473 1790 5
493 1773 534 1798 ed.
554 1773 662 1805 Stengel
682 1772 712 1806 (1.
734 1781 756 1798 c.
777 1772 903 1806 25—40).
