1749 2481
733 123 1010 170 •Einleitung,

409 225 434 255 I.
478 225 545 254 Zur
569 224 801 255 Geschichte
823 226 890 254 der
913 226 1025 256 franz.
1049 223 1281 255 Grammatik
1302 224 1338 253 in

600 276 783 314 England
805 286 868 307 vor
891 277 972 307 dem
992 276 1078 306 XVI.
1102 275 1153 315 Jh.

473 364 537 393 Der
559 364 744 396 schottische
759 365 886 395 Dichter
898 366 1075 396 Alexander
1085 365 1213 403 Barcley
1232 362 1266 402 (+
1282 363 1373 402 15J2)

373 409 461 438 weist
489 407 530 437 im
563 407 711 447 Prologue
740 409 841 439 seines
875 409 1089 439 Inlroduclorie
1111 412 1135 437 lo
1155 409 1240 436 wriie
1263 409 1326 436 and
1347 411 1373 436 lo

369 458 536 489 pronounce
555 451 686 481 Frenche
709 451 821 489 (Lond.
843 450 932 491 1521)
956 452 1012 481 auf
1031 451 1253 481 verschiedene
1274 451 1372 480 ältere

372 494 609 533 grammatische
631 494 781 525 Traktate
817 496 873 524 der
902 495 1130 525 französischen
1152 493 1287 533 Sprache
1308 494 1372 530 hin,

373 539 423 568 die
454 547 486 566 er
514 538 562 567 für
591 537 658 567 sein
679 538 763 567 Buch
787 538 913 569 benutzt
935 538 1024 568 habe.
1073 537 1131 567 The
1151 547 1228 566 same
1250 540 1373 572 ireaiyse

371 581 440 610 hath
470 580 522 609 ben
557 582 708 619 attempled
734 581 769 619 by
801 582 907 619 dyuers
937 591 1002 610 men
1026 581 1121 622 before
1142 590 1187 617 my
1211 580 1296 617 dayes
1317 577 1370 620 (cf.

374 623 549 654 Zeitschrift
570 624 617 653 für
638 625 751 655 neufrz.
776 624 841 662 Spr.
862 635 892 655 u.
914 625 972 654 Eit.
997 624 1086 663 1879,
1108 633 1137 662 p.
1163 621 1225 661 24).
1266 622 1373 652 Ihaue

370 677 434 696 sene
455 667 499 696 the
519 667 678 705 draugihes
698 667 736 708 of
753 667 834 697 oiher
865 668 948 697 made
971 667 1069 707 before
1096 676 1140 704 my
1162 670 1232 703 iyme
1255 662 1342 704 (ibid.
1347 664 1366 702 ).

371 711 496 741 Ebenso
530 710 644 749 spricht
677 711 731 741 der
770 711 909 749 gelehrte
947 710 1116 740 Londoner
1148 708 1372 739 Grammatiker

371 753 535 791 Baisgrave
557 753 598 783 im
620 753 744 790 Anfang
767 754 825 782 des
852 754 899 783 16.
914 752 1136 792 Jahrhunderts
1158 761 1199 781 an
1212 751 1373 781 mehreren

371 796 487 825 Stellen
512 796 612 825 seiner
633 795 809 832 Einleitung
824 795 894 825 zum
916 795 1171 825 Esclarcùsement
1190 794 1231 834 (p.
1254 794 1293 829 II,
1313 794 1368 833 III,

371 839 416 867 VI
437 838 468 867 u.
490 838 559 874 VII,
582 837 633 868 ed.
658 837 773 878 Génin)
796 847 857 867 von
883 838 1057 878 „Clerkes",
1082 839 1132 869 die
1155 847 1209 867 vor
1219 837 1280 867 ihm
1295 839 1371 867 den¬

373 882 479 911 selben
514 880 717 919 Gegenstand
748 880 916 912 behandelt
951 882 1067 913 hätten.
1123 880 1368 921 Hauptsächlich

371 924 587 955 Schulmeister
618 927 700 954 mùss
733 934 768 954 er
799 926 897 955 damit
928 925 1063 964 gemeint
1085 925 1195 961 haben,
1224 925 1309 953 denn
1329 933 1369 953 an

370 968 454 998 einer
476 969 615 998 anderen
637 968 730 998 Stelle
752 968 854 998 seines
878 969 989 998 dicken
1004 969 1124 999 Buches
1147 964 1191 1007 (p.
1205 963 1258 1006 32)
1271 966 1368 997 heisst

370 1011 418 1042 es:
452 1011 540 1040 Whan
558 1013 581 1040 il
600 1020 664 1040 was
686 1013 894 1041 commaunded
913 1013 975 1041 thal
995 1012 1040 1041 the
1060 1021 1216 1050 grammar
1237 1011 1371 1039 maisters

369 1054 470 1083 shulde
503 1054 577 1084 teche
606 1054 651 1083 the
680 1055 771 1089 youth
797 1054 836 1094 of
862 1055 1022 1094 Englande
1040 1055 1160 1094 joyntly
1182 1053 1274 1083 Latin
1296 1053 1368 1082 with

371 1097 509 1132 Frenche,
543 1097 620 1127 ihere
652 1107 728 1127 were
757 1098 871 1128 diuerse
902 1099 986 1127 suche
1018 1098 1098 1128 bokes
1120 1097 1246 1135 diuysed.
1291 1096 1367 1126 Also

369 1140 589 1170 verschiedene
611 1141 730 1170 solcher
752 1141 873 1172 Bücher
895 1139 965 1181 (wie
986 1137 1138 1180 Barcley’s
1152 1139 1366 1177 Introductory

368 1181 514 1223 nämlich)
547 1186 651 1213 wären
679 1184 711 1213 in
732 1185 878 1222 England
899 1185 1029 1214 verfasst
1049 1184 1176 1214 worden
1196 1182 1261 1212 und
1290 1191 1369 1212 zwar

367 1236 421 1256 vor
443 1227 516 1256 dem
543 1235 589 1265 15.
612 1226 826 1265 Jahrhundert,
855 1229 939 1257 denn
961 1237 994 1257 er
1015 1226 1138 1257 bezieht
1158 1226 1222 1256 sich
1242 1225 1274 1264 ja
1296 1234 1366 1254 aus¬

368 1269 525 1299 drücklich
558 1270 613 1300 auf
643 1270 706 1299 den
743 1270 971 1301 französischen
1006 1269 1183 1300 Unterricht
1216 1269 1255 1298 in
1291 1269 1367 1298 den

369 1313 541 1344 Schulen.
584 1313 657 1343 Von
689 1314 973 1352 zeitgenössischen
1007 1313 1192 1344 Chronisten
1222 1311 1366 1341 erfahren

369 1356 419 1385 wir
440 1356 523 1395 aber,
548 1357 620 1395 çlass
644 1357 703 1386 seit
724 1358 797 1386 dem
823 1361 927 1397 „grete
950 1355 1045 1386 deth“
1071 1353 1179 1397 (1349)
1203 1355 1300 1384 durch
1312 1354 1364 1384 die

368 1398 591 1437 Bemühungen
604 1397 613 1409 '
621 1399 706 1429 eines
737 1399 838 1439 Johan
870 1399 1077 1438 Cornewayle,
1104 1398 1270 1429 Pencriche
1303 1399 1366 1427 und

366 1441 520 1478 Kollegen
541 1442 574 1471 irr
594 1443 657 1472 den
679 1442 878 1473 öffentlichen
901 1442 1033 1472 Schulen
1056 1443 1112 1472 das
1131 1440 1294 1480 Englische
1311 1441 1363 1470 all-

366 1484 459 1523 mälig
482 1484 527 1514 als
548 1483 874 1524 Unterrichtssprache
889 1496 931 1516 an
945 1486 1037 1516 Stelle
1050 1487 1105 1515 des
1118 1484 1364 1514 Französischen

365 1533 426 1558 trat
447 1528 514 1557 und
537 1528 601 1557 dies
623 1529 736 1558 bereits
764 1529 841 1566 1385
864 1529 1003 1568 gänzlich
1026 1529 1191 1567 verdrängt
1211 1528 1309 1557 hatte.

415 1590 529 1611 Altfranz.
542 1590 683 1612 Bibliothek.
705 1590 769 1612 VIII.
1214 1584 1227 1609 1
