3460 4640
864 484 1976 553 ef seur aibit fout ẏaust Seigneurs
863 573 1972 642 or auezs ous Seu comne cestus ẏom
860 666 1978 734 me sa unaiqe par de uanf fous si.Sef
857 756 1980 824 fe et fiure gaige de fafaisse agrigar
861 846 1976 915 ef comment is se seust afuẏ coms as
863 936 1968 1008 fre pourquoẏ seussez mos tous dess
873 1027 1953 1095 us cesf afaire dire soz sousenfez.
847 1117 1972 1187 Mar fr opfuis esmer ueisse en mons
844 1206 1969 1278 cue ur de ce que eison enfre ses ausz
855 1301 1971 1371 cres cheu afiers de ma courf a fraps
856 1392 1970 1464 pe gr igar par sẏ grant fureur sans
842 1484 1942 1552 nus austre foucher.Seigneurs
836 1574 1954 1644 dicfes ensoffre oppiuioiz.Aar frop
850 1667 1970 1738 me dous se de fauscefe de quesq parf
848 1759 1976 1825 fisse doẏue senir.Et quant est a ma
851 1848 1967 1918 part sans se sofftre coseiset desiferas'
855 1938 1960 2008 fion ie serone dopoimoi qsa sat aisse
868 2032 1960 2099 fust efre ses deupiugee. Qunt feroẏ
835 2123 1962 2190 eust parse en tesse maniere ses Garos
844 2212 1961 2281 furent dacors ef dopoinsonssgrigar
837 2304 1969 2372 et orson pour cesle queresse ie coins a
843 2395 1958 2466 fissent.Tors fut sasat aisse adornee
838 2488 1954 2558 ef fit se Roẏ ꝯmenerDrig ardeuot
839 2578 1958 2649 suẏet fupont que Orson coms afre
833 2668 1964 2739 suz conuenoit.quant Drar sceut
831 2761 1964 2832 ef enfendit que cofre dison cons a
834 2854 1962 2921 fre fus conuenoit frop fut dosent et
834 2944 1958 3013 noiz pas sans cause.Aar senu est se
838 3036 1960 3103 femps que sa cr qẏ'ẏson s fant a este
835 3123 1957 3193 couuerte et cesee serci deuaf fous pit
828 3216 1963 3286 Bsie et maguise siemenf decl airee.gri
835 3308 1952 3377 gar regard ahauffrop de seinsfance
836 3398 1938 3470 mas aseuree ef de cueur efrope.sozs
839 3491 1943 3559 hairpsapprssaetsuz dist. rigar ne
842 3579 1948 3648 sous dousfe zenriens.Mar iesous
835 3671 1951 3740 proiuefzef faẏ ass auoir que nous fe
838 3761 1941 3831 rons osfre pars sers se roẏ nosire
832 3854 1950 3926 pere.enfesse maniere que de soffre
2073 484 3188 556 persomme naurez dommaĩge ne sisfͤe
2074 578 3180 651 nie en nianiere du nionde.par cisẏ
2083 665 3188 734 que sous uirerz de non iamais dire
2074 756 3180 832 ne confe sser se cas pourchose qe sol
2080 846 3177 922 puisse auenir.Pesas dist." Dr igar
2071 939 3188 1009 tr op miqNa de nion cas ie sop fiersz
2070 1025 3174 1102 que par sous sa morf me fauit sonf
2076 1117 3173 1192 frir.Et quant il eut ce dit is ala des
2078 1207 3172 1283 uers se Soẏ disant." Sire ies oug
2074 1300 3181 1371 requiers sngdol.cesf que de sosfre
2067 1398 3184 1462 gr ace sous psaise que asomnie saus
2065 1484 3174 1553 u aige se ne me comẏ afe point.Qar
2077 1574 3178 1646 siresous se auez que ce nest pas hom
2068 1665 3171 1736 ie cotre somme qui cheu asiec puis
2080 1757 3176 1828 Je auoir ne acquerir homeur ef cuiis
2104 1849 3175 1918 ẏ ce nesf pas sng homme naturel.
2062 1943 3171 2009 Mlais est sesie ir aẏsomaDse etsans
2066 2031 3170 2099 nus.soir de mercẏ.Er gar dist le
2055 2122 3180 2195 Noẏ descusatloimẏ a is point fasa
2073 2215 3175 2282 faisse qi nqee par se conseis def oure
2055 2306 3165 2376 Ca court Saẏlon sol ẏ condemipnc
2055 2397 3165 2469 et droitseust que auisi soit.De cesse
2049 2486 3174 2560 responce futErigar moust foit pe
2071 2578 3171 2652 osent et desconforfe.Lors suẏ qi
2062 2667 3156 2744 oit Saufroẏ naẏez douste.Qar sẏ
2059 2758 3172 2832 Pon droitẏous auez dieus ous ser ci
2053 2850 3158 2923 aẏdence et sous fera escu et defẏenS
2059 2941 3168 3011 ce en cefte queresse.Et quant est de
2048 3030 3170 3105 ma part ies ous feraẏ armer sien et
2082 3123 3156 3196 ou fsamiuent coinme ou cas aper
2049 3214 3155 3285 fient.Quant orson enfendif que cos
2051 3304 3154 3378 Pafre se deuoit il demenagrant iope
2050 3398 3152 3471 i oust grans siqnes faisoit aiSop
2045 3487 3153 3558 que scilentnz estoit moit et desiruit
2039 3578 3159 3647 dcsquesz signes se oẏ pepui tress
2074 3668 3157 3746 ort sesierueissoit.cousiours estoit
2053 3761 3158 3836 Orioiz pres de fr apperErigar se
2063 3854 3159 3930 sauspet maufsoit traẏẏtre. Mals se
