3460 4640
841 548 1963 627 sirs en print J touche se cheuos ef fi
833 643 1973 717 re fers orsonen fup disant paissart
840 728 1969 807 Go'mauez trop oustr age de mauoit
840 817 1971 900 offe ong oeuis par ton crues ousfr qi
817 908 1965 1000 ge.uiais ie fe monsferraẏ que ci forf
857 1002 1979 1079 tu mas ass auffr.Et quant orsonsa
847 1093 1951 1168 Seu seuir Nsafien enfendu.et ci es
849 1185 1947 1260 fendu ses fras et monfre ses ongles
840 1274 1965 1355 et ses dens en rechmant moust faide
835 1365 1975 1445 ment.Lors Er igarsaiss asa fance
842 1459 1983 1536 et fouche se cheuas Deuers Dison.ef
856 1549 1981 1625 quant Disoi sit sa fance aporocher
849 1640 1971 1716 ie fist ẏng saust arriere.Et grigar
852 1730 1973 1806 qut ai son coupfaissit saface coucsa
852 1820 1978 1898 ec ficMa confre ferre.tquant Ors
887 1911 1988 1991 on seoit i retour ci concre suẏet.ain
856 2006 1987 2083 pongna Sasance ef tant foit u' a fire
868 2095 1982 2171 qire des poingz u'sa suẏ offa.ct qunf
866 2189 1988 2264 il fint fa fauce sessement sen fr appa
858 2278 1988 2350 que i' fuz fist perdre foupr etsenten
864 2368 1989 2442 Sement.Auant Drigar fut fr api
863 2459 1985 2538 pe istoucse se cheuaf des esperons
870 2548 1977 2628 en fupant par uip se cẏamp.et ors on
872 2637 1980 2717 courf apres en recẏignant des dens
865 2729 1987 2811 n oust despiteusemient es en faiiant
869 2817 1991 2901 Nqne cui roẏ queDr qar suẏrendra
864 2909 1995 2993 Etquant Erigar aperceus se dan
875 3004 1992 3093 Ser gr anf es quos is estoit en souspi
880 3095 1985 3174 rant a dist apart fuz.Nahaufr oẏ
870 3181 1971 3265 et henrẏ.Or est ma fin senuee ieẏ
871 3269 1988 3358 uoure aẏ pours ous.Jesauoie sien
880 3365 2011 3448 sicl iuus eNt sa chose conmencee Et
873 3458 1999 3540 mas finer qe i ce point fut grigar.ef
889 3548 1992 3634 Dison ennusse maniere naurer is ne
883 3642 2001 3728 peust.t quant Orson sit ce is qet
891 3726 1996 3816 tasa sance enfas Puis oint contre
897 3820 1988 3912 Or igar et si pres se serre que son ches
883 3911 2004 4003 ucila prins par se cousef tant sa de
2067 536 3185 617 fours demene que ci ferresa fast fres
2065 632 3179 706 Pucher.Mais quant us senfit son che
2068 720 3187 795 ucs cisa ferre fomser Isousoit sarf
2068 811 3189 885 fir ẏois de sa sesse et ausaissir if per
2086 903 3190 977 oit soi esci.Aar issousaPas.Et oz
2087 993 3187 1070 son cour ust oustre fuẏEt tantost fa
2077 1083 3175 1163 saisz puis desus fupsa mis et est aẏ
2072 1174 3199 1251 se au q'.euasef a monte dessus en fas
2091 1266 3191 1342 t signes merueisseus cheu auschāt
2073 1355 3175 1434 apresDegar qui parmẏ se cẏamp
2095 1447 3181 1521 u poit.Be seoir sa confenance de or
2100 1540 3183 1614 oiz furent plusieurs fous ess qnps.
2071 1630 3180 1704 Eise Poẏ pepinentre ses austres
2086 1718 3179 1794 Se ce cas moust pensifef dous te us p
2085 1812 3187 1890 Sẏci dist par deuant fous Par le
2075 1902 3159 1974 dieu tout puissant seigneurs ie me
2073 1996 3181 2070 ner ueisse mouEt de ce faif.es ne scaẏ
2076 2085 3186 2160 que penser nea quesse fin cesie choie
2082 2178 3190 2250 Seust senir.Mais quoẏ quis ensoit
2078 2266 3190 2344 ne quu' cẏ quiengne cest mois oppinis
2088 2358 3198 2436 oiz que trq'ẏson fe quesque part Je
2087 2449 3196 2524 a ainsi parse seSoẏdousfeus et pe
2091 2537 3190 2619 sifẏessus cese enfreprinse.EGrs
2099 2628 3201 2706 son acheuas essoif nionte pourDr
2084 2719 3194 2797 Nar poursuiuir est descendu du ches
2088 2813 3192 2888 ua.et est senu par fas arigar il
2093 2903 3208 2975 fuẏadone fef coup qui sa as atu par
2095 2992 3191 3069 ferie.es puis est saissẏdesus et fup
2087 3087 3196 3162 ci osie sespee ef sa dague.puis suẏ a
2091 3179 3201 3247 doune Ons coupsi gr anf que se sias
2101 3269 3206 3340 etsespause is fuẏ auasa foutsas. T
2084 3359 3203 3431 fors isur dom afong austre moust
2083 3449 3185 3520 nierueisseupet ẏorr is secoup parus
2087 3538 3205 3613 se corps fant que sescẏie sup couppa
2091 3631 3203 3703 Et rompit.Et r ar sescrie haus
2088 3721 3205 3796 fement que tout se monde sent endit
2090 3814 3203 3887 en demandant sug preffre pour sess
2103 3906 3202 3981 pechez conse sser et auoir fa sosution
