3436 4628
919 467 2020 533 diuerses regios:sesquefz iap folmls
916 556 2015 625 ci mort et pendu cons arDie.fors seĩt
907 648 2028 716 sement deup ẏaissas cheu asiers dof
916 737 2016 807 fung anoiisasentin ef fautre orson
942 826 2016 895 Icesupsise fin poursng iour enfier
899 917 2011 987 a mos print sa sat aufeet tat fismes
905 1011 2015 1076 darmes ensemnsse que sa nuẏt nol co
911 1099 2010 1170 fr aisgnit ade par fir.qiisi come fr ci'
904 1189 2020 1261 ueisse zet sases.Et qu ant sint se se
908 1282 2005 1353 demauz au ma finque se cẏampdeust
901 1373 2000 1438 estre recomece par nous deus son co
904 1460 2009 1539 paignon orson de son harnoss sesfit
896 1553 1994 1626 et ses armes porfoit etra ou champ
908 1640 2012 1719 pour mos comfatre.ef cuis oẏe fien
912 1734 2002 1807 que ce fuirs qsenfin.Et quant cesup
900 1828 2005 1898 ors on fuf dedens se chap entre moust
908 1916 2000 1988 fierement is me fist signe de deffianz
900 2006 2011 2082 ce.sLors ie saisẏẏors cotre sus.maĩs
894 2097 2008 2175 peus ql ut ma force.car ie ne demoit
904 2189 1999 2263 raẏ pas songuemenf que par fus Je
922 2280 1993 2352 fus conquis efsaincu sẏ meust one
894 2370 1991 2447 la ẏie se neuss efles isenfnz qui anol
906 2462 1995 2540 cc ourust seques me fist promeffre de
891 2548 2005 2630 Gaptesine re cepuost ef cr opre en iest
896 2643 2005 2719 crist etsime fit iurer ꝯmesiendr oie
900 2733 2000 2811 rendie ẏerssous comesaintu.et dit
894 2821 2003 2906 tout iusmef fant ma ẏie asoftre co
899 2913 2008 2998 mansemient et ord omance.et pour'
900 3001 2008 3088 Fanc en acquit anf ma foẏ ef mon ser
894 3098 2008 3177 ment de par se chenasier sasenfin ai
894 3188 1996 3271 Sous ie mesiens rendre come ci cefuẏ
894 3279 2003 3357 qui de moẏ pouez faire sosfre sousē
898 3371 1998 3449 fe et qui cipres dieu apar fient de mla
900 3460 2003 3541 mort aprocher ou prossquer masle
895 3552 1993 3634 noiz pourfant sire fresredous se se me
899 3641 1996 3722 rens deuanf soffre masesie roẏasse
889 3731 2000 3812 en demandant ef esper ants osire mō
895 3826 1991 3908 sericoide ensomneur dicesup sieu de
2124 464 3224 531 qui lap prins sa creance.Qar sachez
2129 554 3230 621 que ie iuis ppien et croẏ eii iesucrnt.
2128 644 3230 712 et dore sen auant ẏeus cropre deserme
2120 733 3208 805 ef soẏcsse foẏ.Et qunt ie fus jur ses
2143 825 3217 894 ains fons saptise en soneur de sos
2135 914 3231 983 ire sauste ef puissante renomee Je
2139 1006 3227 1075 us appesse pepinet pepin Juis nome
2135 1098 3217 1165 eQuant se rop eust oẏet ent enouses
2113 1190 3230 1257 par osses du Sers cheuasier is suẏ a
2107 1279 3228 1348 respondu doustement deuanf fous
2119 1372 3222 1438 fes sarons ef cheu asiers.Bien sosez
2122 1459 3223 1530 genu deuere nous.car defoffre senue
2140 1550 3228 1622 onmies ioẏe usp psus qde nusse aus
2120 1643 3228 1713 tre chose qide sons femps nol quint
2144 1734 3208 1802 aiciez chiere soẏeuse et demenez sie s
2131 1825 3209 1893 e qpour samour de cesuẏ qui deuers
2101 1914 3218 1985 nous sous enuose sesous done ass
2142 2006 3212 2075 eurance.Et sis ous dẏ deuant fol q'
2107 2096 3215 2165 de uet Pref de femps en mois roz cuif
2115 2188 3224 2257 nie iesous domer aẏ gr andes ferres
2111 2280 3216 2348 es possefiions quant a moiz serus.e
2109 2371 3224 2438 sous psaira ci demener.Mais dutes
2115 2460 3210 2528 noẏ ou iont ses cheuafiers sesqueSz
2108 2552 3212 2617 Gous ont conquis.Sire oist sesers
2103 2639 3230 2711 ceuofier iz sont en cequit qine auēc
2101 2733 3219 2803 se du:sauarẏef par desus fos ausĩ
2107 2824 3195 2893 tres fes aẏme ef fient chiers.par ses
2097 2915 3207 2984 nou uesses de ssommaiet par se ferd
2107 3004 3220 3076 cheu asier eut se ros pepinoiruesses de
2129 3095 3194 3168 i seur etde ses deus ne pueus sesssz
2108 3187 3219 3260 esse enfant adedens sa forest.R a pro
2107 3277 3201 3348 mus adieu qe sen prcen grece pour
2099 3369 3207 3439 dire ef compfer asempereur ces noit
2101 3460 3211 3529 uesses et pour fairesa seur qrir et ser
2095 3549 3214 3622 chier en fesse maniere qtromuee esse
2101 3640 3208 3713 pusst estre.car fur foufes cre atures
2103 3732 3210 3802 idesiroit tresard' animenf aoe oir sa
2100 3825 3206 3895 seure fessissant.Et quant is fup souz
