3300 4516
259 465 1374 532 roy le fist prendre et retenir deuers
270 552 1364 623 luy en luy faisant signes que plus
253 644 1369 713 nul il ne frappera tant quil soit ou
253 734 1364 806 champ. Puis a dit a Grigar or vo⁹
264 825 1362 889 alez armer et pensez de bien faire vo
266 912 1358 981 stre fait. Ha sire ie vous ay longue¬
259 1004 1364 1070 ment seruy et de toute ma poussan¬
259 1093 1364 1160 ce me suis perforce de vous en tou¬
270 1185 1366 1251 tes choses obeyr tant en bataille cō¬
244 1272 1350 1342 me dehors. Mais mauuais salaire
243 1364 1357 1430 men rendez. Quant contre vng hō¬
241 1454 1352 1520 me sauuaige ou ny a sens ne rayson
243 1544 1349 1612 me voulez faire combatre. Grigar
252 1630 1355 1703 ce dit le roy se bon droit vous auez
257 1717 1344 1794 de riens ne vous deuez esmouuoir.
245 1809 1352 1884 Car ie vous prometz que bien arme
259 1901 1354 1973 serez et Orson sera mis au champ
238 1992 1350 2060 tout nud et sans armeure vous serez
242 2081 1360 2152 a cheual et il sera a pid sans nul glai
231 2171 1340 2240 ue porter. parquoy vous nauez cau
259 2260 1336 2331 se de reculer a vostre droit deffendre
225 2350 1337 2422 ne scay comment il vous en prendra
235 2440 1336 2510 Mais bien monstre semblant quen
227 2531 1328 2600 vo⁹ il y a a dire  faictez vodtre deuoir
227 2620 1320 2691 et gardez vostre droit car aultre cho
252 2710 1328 2779 se vous naurez de moy la cause est cō
237 2802 1323 2873 summee et la cōclusion faicte et pri¬
248 2890 771 2960 se de mon conseil.
319 3058 1318 3142 Comment le Roy pepin commā
224 3153 1329 3231 da que deuant son palays fust appa
213 3245 1327 3323 reille le champ pour Orson et Gri
211 3337 1314 3412 gar ensemble veoir combatre lequel
228 3428 483 3495 fut fait.
953 3432 1312 3506 xviii. chap̄.
487 3603 1325 3680 Pres ce que Grigar eust
488 3692 1303 3772 mis plusieurs excusations
479 3787 1309 3865 et oppositiōs de soy comba¬
1476 469 2584 546 tre contre Orson et que par le cōseil
1483 555 2588 639 fut delibere de la bataille faire. Le
1476 646 2579 725 roy pepin commanda le chāp estre or
1477 737 2579 816 donne et fait deuant son palays. Et
1469 825 2580 902 quant le champ fut pres Orson qui
1465 913 2567 993 estoit attendant entra dedens pour
1468 1006 2574 1082 attendre Grigar qui fut arme par
1479 1097 2560 1172 hauffroy et henry qͥ tout au mieulx
1461 1184 2568 1261 qui sceurent larmerent. Et quant il
1454 1249 2577 1345 fut arme Il print cōge deulx en leur
1459 1367 2563 1439 disant. Seigneurs Je voy mourir
1461 1457 2560 1530 pour vous Malle fut pour moy la
1459 1543 2552 1620 iournee quant ie entre prins celle cho
1462 1635 2552 1711 se. Taisez vous dit henry et ne vous
1472 1727 2544 1801 donnez nul esmay. Car ia le vous
1453 1815 2548 1889 ay promis et tenir le vous veul. que
1466 1905 2544 1980 se vous estes par Orson vaincu no⁹
1466 1993 2550 2070 ferons vostre paix au roy nostre pe¬
1449 2082 2538 2159 re. tellement que de vostre personne
1444 2170 2540 2249 ne mal ne dōmaige naurez et se mal
1443 2261 2535 2341 vous vouloit pour ce fait poursuy¬
1436 2350 2538 2429 uir plus tost en mourroit cent Mil
1435 2441 2538 2518 que faulcete vous fust faicte de no¬
1460 2531 2536 2609 stre part Soyez tousiours secret et
1426 2626 2534 2700 ne congnoissez riens de toute lentre
1433 2711 2540 2790 prinse qui a este faicte. Or fut arme
1464 2807 2532 2881 Grigar et monte a cheual Il tyra
1429 2896 2518 2972 vers le champ qui deuers le palais
1432 2988 2518 3061 fut ordonne. Et quant leure de com
1428 3076 2516 3150 batre fut venue. le roy Pepin vint
1426 3165 2524 3243 aux fenestres pour la bataille veoir
1425 3257 2518 3333 et regarder. Et quāt toute la court
1442 3346 2512 3422 fust assemblee. et les iuges ordonnez
1411 3436 2517 3513 et disposez pour iuger de la bataille
1427 3522 2515 3604 On commanda aux parties de fai¬
1427 3614 2507 3694 re leur deuoir. Lors entra grigar ou
1419 3704 2520 3783 champ moult fier et orgueilleux et
1418 3799 2530 3876 monte a lauāntage dont en la fin mal
