2481 1749
976 512 1015 546 (H
1028 515 1074 550 55)
1102 516 1137 542 Et
1162 513 1311 540 altrefoithe
1331 513 1487 539 cscriveretz

930 547 1028 573 devant
1048 550 1170 583 adjectifs
1191 550 1223 573 de
1235 552 1262 572 et
1272 549 1426 573 altrefoithe
1441 551 1487 578 du,

930 583 964 609 de
988 589 1066 613 come
1092 589 1126 613 de
1146 587 1217 611 ceste
1235 584 1322 617 chose,
1353 585 1390 609 du
1411 592 1486 610 corne

931 620 967 644 du
990 621 1033 645 dit
1046 627 1168 654 portour
1187 623 1214 645 et
1233 620 1339 646 similia.

969 673 997 699 (U
1008 675 1042 701 56)
1057 678 1142 698 Auxint
1153 676 1183 697 tel
1193 675 1315 695 difference
1325 682 1340 700 y
1351 674 1378 694 ad
1392 676 1487 699 [ovesqe

932 698 971 726 (?)]
981 706 1009 721 en
1020 708 1085 725 come
1099 710 1126 725 en
1139 702 1167 724 de
1181 702 1239 722 ceste
1254 700 1361 722 assavoir
1368 699 1408 727 (f).

975 882 1013 918 (H
1024 883 1070 918 54)
1098 887 1135 911 Et
1158 888 1220 919 qant
1247 891 1315 909 vous
1340 885 1487 910 escriverez

931 921 963 944 de
980 919 1024 945 vel
1044 922 1091 945 del
1103 923 1130 947 el
1145 920 1265 952 singuler
1278 921 1410 946 noumbre
1419 928 1487 946 vous

930 956 1075 981 escriverez
1096 958 1143 983 des
1163 957 1188 982 el
1208 956 1316 990 plurell.

1537 108 1646 140 (jfohan
1681 110 1712 134 de
1747 107 1909 141 Waynjlete)
1949 112 2094 136 scribendo

1537 150 1612 169 curto
1633 146 1714 171 modo
1734 144 1869 175 seignour
1879 144 1922 169 vel
1936 147 2002 177 sire,
2014 156 2098 178 quan¬

1538 179 1573 204 do
1583 188 1586 205 .
1603 188 1700 207 nomen
1729 179 1882 204 immediate
1913 179 2099 211 subsequitur»

1538 215 1683 243 scribendo
1703 215 1786 240 eciam
1802 223 1816 239 e
1828 222 1908 248 supra
1917 214 1966 247 pro
1982 214 2011 247 s°
2022 217 2096 247 seig-

1538 258 1612 274 noter
1636 256 1663 276 et
1688 260 1703 276 e
1726 258 1807 282 supra
1832 253 1915 275 tracta
1937 250 1973 274 de
1992 252 2051 275 sire
2067 251 2091 282 f'
2090 251 2098 264 :

1537 286 1583 311 vel
1604 287 1663 312 sine
1683 296 1697 312 e
1715 290 1805 319 potest
1826 285 1906 311 scribi
1926 289 1955 310 ut
1979 285 2063 319 nions.

1586 341 1643 375 (CO
1655 342 1700 375 79)
1721 342 1789 367 Item
1805 343 1857 372 del,
1877 343 1907 367 al
1919 341 1974 376 (vel
1988 351 2025 367 au
2036 343 2100 368 loco

1540 380 1580 412 al)
1599 379 1707 412 quando
1734 379 1779 402 the
1805 378 1925 411 sequitur
1955 382 1981 403 et
2003 386 2101 403 conso¬

1540 422 1607 439 nans
1627 413 1748 446 sequitur
1769 413 1884 446 signum,
1905 418 1935 439 ut
1950 414 2099 446 predictum

1541 451 1590 479 est,
1603 451 1615 474 l
1633 449 1666 473 de
1685 449 1732 473 del
1748 457 1802 474 non
1822 449 1905 475 debet
1924 449 2020 474 mutari
2033 450 2061 474 in
2072 458 2101 479 »,

1586 504 1645 539 (CO
1657 510 1690 538 79
1694 510 1706 524 a
1707 504 1718 539 )
1747 506 1796 531 sed
1821 507 1833 529 l
1853 505 1887 531 de
1908 507 1939 531 al
1961 507 2033 539 bene
2052 514 2101 539 po¬

1539 545 1601 574 test;
1625 542 1670 567 sed
1692 543 1728 565 du
1755 545 1856 567 tantum
1876 542 2010 573 significat
2031 543 2101 568 sicut

1541 577 1574 601 de
1596 578 1621 601 le
1638 576 1683 601 vel
1702 577 1754 607 del,
1771 577 1848 610 verbi
1868 578 1970 609 gracia:
1998 578 2035 602 du
2057 578 2102 603 dit

1534 616 1656 644 portour
1673 614 1723 645 pro
1744 614 1777 637 de
1796 614 1821 637 le
1841 614 1884 639 dit
1896 618 2026 645 portour.

1578 737 1619 763 (CO
1629 738 1662 762 33)
1677 738 1736 758 Item
1752 738 1938 764 quandocumque
1953 738 1998 759 hoe
2012 739 2102 764 signum

1539 763 1561 783 le
1576 763 1683 783 scribitur
1698 767 1721 783 et
1733 769 1860 783 consonans
1875 763 2005 783 immediate
2019 765 2096 784 subse¬

1539 787 1615 813 quitur
1631 793 1654 809 et
1667 796 1695 809 en
1712 788 1822 813 precedit,
1841 796 1856 809 n
1870 788 1940 809 debet
1956 788 2093 815 pretermitti

1540 814 1563 833 et
1587 814 1596 833 l
1618 813 1711 838 adjungi
1730 820 1779 834 cum
1797 820 1809 833 c
1827 814 1891 838 verbi
1914 814 2002 838 gracia:
2027 821 2054 835 en
2075 816 2097 835 le

1538 840 1631 861 countee
1646 843 1723 865 potest
1738 838 1807 860 scribi
1821 839 1844 859 el
1857 842 1956 861 countee.

1585 881 1643 915 (CO
1655 884 1699 915 34)
1728 885 1796 908 Item
1821 884 2047 915 quandocumque
2074 885 2103 907 el

1539 921 1571 944 al
1591 920 1638 944 del
1654 919 1791 952 ponuntur
1807 919 1835 945 in
1853 918 1983 951 singulari
1998 918 2099 944 debent

1539 954 1620 979 scribi
1642 962 1679 986 es,
1700 963 1740 987 as,
1762 956 1808 979 des
1827 955 1855 987 in
1874 955 1980 986 plurali.

1587 1000 1643 1033 (CO
1655 1002 1702 1035 80)
1721 1003 1789 1025 Item
1809 1010 1858 1034 pro
1879 1002 2004 1025 omnibus
2019 1002 2098 1025 dictis

1541 1037 1623 1069 signis
1644 1037 1672 1062 in
1692 1037 1821 1069 singulari
1838 1037 1968 1063 debemus
1980 1037 2098 1062 scribere

1540 1081 1567 1097 es
1586 1081 1618 1097 as
1636 1073 1666 1106 in
1684 1073 1792 1106 plurali.
