2481 1749
1124 80 1172 106 Nr.
1193 81 1257 107 VII.

976 150 1015 185 (H
1024 151 1070 187 57)
1095 153 1166 186 Qant
1189 154 1214 180 le
1238 157 1300 187 suyt
1321 164 1338 179 a
1370 155 1390 180 il
1418 164 1488 182 serra

932 170 1344 223 escript al et as el plurell.
2150 159 2201 196 14
974 235 1013 268 (H
1025 237 1070 269 58)
1103 238 1175 262 Mais
1210 241 1238 262 la
1272 246 1306 262 ne
1335 246 1408 263 serra
1435 247 1485 272 pas

933 253 1314 304 change come a la dame.
971 305 1480 357 (H 59) Et altrefoithe escriverez
928 355 960 379 de
984 362 1018 379 en
1043 356 1099 380 lieu
1126 357 1160 382 de
1186 359 1220 381 od
1239 359 1313 381 corne
1335 359 1367 380 de
1385 359 1487 383 bouche

925 396 975 421 pur
995 391 1031 413 od
1048 392 1074 415 le
1095 393 1205 418 bouche.

970 563 1009 591 (II
1022 564 1067 595 64I
1092 567 1160 590 Itera
1184 564 1337 590 nltrefoithe
1361 563 1484 595 [escrivc¬

924 597 998 633 rez?]
1013 608 1035 632 y
1054 600 1168 633 litteram
1188 610 1237 633 pur
1256 603 1283 625 si
1300 607 1375 632 corne
1384 610 1406 632 y
1415 610 1484 627 vous

919 639 940 665 $
943 636 1004 668 lest,
1026 639 1052 669 et
1070 645 1091 669 y
1110 645 1159 670 pur
1180 637 1310 669 illeosqes
1335 637 1425 669 corne:
1434 637 1485 670 jeo

919 679 941 702 y
960 679 1068 705 serray.

968 750 1007 783 (H
1021 752 1067 785 74)
1087 752 1155 776 Item
1175 750 1328 776 altrefoithe
1346 758 1396 784 pur
1417 759 1484 777 mes¬

923 794 980 810 mes
1000 788 1156 820 escriveretz
1173 795 1196 821 y
1215 794 1290 819 corae
1314 795 1364 819 pur
1384 794 1484 813 ntesme

924 826 998 854 cesty
1019 823 1177 855 dismaìgne
1201 822 1361 855 escriveretz
1386 831 1407 855 y
1429 823 1483 848 dis-

921 865 1029 890 menge,

966 900 993 924 (II
1004 901 1038 926 65)
1054 904 1077 921 et
1092 907 1133 925 pur
1148 902 1217 923 entre,
1228 902 1321 925 pentre.

971 934 1009 968 (H
1022 937 1066 967 62)
1087 938 1155 961 Item
1175 936 1280 961 sachetz
1302 946 1334 970 qe
1354 947 1418 962 vous
1440 946 1483 963 co-

924 970 998 995 vient
1018 973 1134 1004 prendre
1153 971 1233 1003 garde
1254 972 1326 1000 houe
1341 983 1356 1000 a
1369 974 1395 999 la
1406 972 1482 1001 diffe-

924 1014 1006 1031 rence
1029 1015 1077 1039 par
1102 1012 1175 1032 entre
1195 1016 1209 1030 r
1229 1012 1255 1032 et
1275 1018 1289 1032 c
1307 1018 1357 1043 pur
1377 1011 1483 1035 diverce

925 1041 1108 1073 signisicacion
1129 1051 1203 1069 come
1222 1052 1272 1076 pro
1293 1046 1352 1071 celo
1373 1047 1432 1075 ciel,
1444 1048 1483 1072 sal

898 1067 900 1104 !
925 1080 989 1107 seel,
1020 1078 1113 1109 sigillo
1135 1080 1202 1108 seal,
1226 1087 1276 1111 pro
1306 1088 1383 1107 cervo
1413 1084 1483 1117 cerf,

926 1121 976 1147 pro
997 1121 1076 1140 servo
1096 1118 1220 1148 sentant,
1240 1117 1310 1151 serf.

1587 241 1618 265 cf.
1639 238 1697 273 (CO
1711 241 1764 275 32).

1583 321 1641 356 (CO
1654 323 1700 357 81)
1717 324 1783 349 Item
1809 325 1957 359 aliquando
1977 326 2099 352 scribetis

1542 361 1574 383 de
1592 360 1620 383 in
1639 360 1702 385 loco
1723 361 1758 384 od
1776 360 1844 386 sicut
1864 370 1932 387 vous
1951 362 2050 396 dìrray
2068 365 2102 386 de

1540 395 1641 419 bouche
1661 402 1708 428 pro
1728 396 1763 419 od
1780 397 1805 419 le

1580 425 2096 477 (O 82) Item scribetis od vel ou pro
1539 442 1604 495 cum.
1574 485 2101 539 (CO 83) Item scribetis ou pro vel et
1540 506 1580 558 ubi.
1585 568 1640 603 (CO
1652 570 1669 594 4
1670 576 1685 600 g
1689 573 1702 585 a
1704 570 1711 600 )
1744 569 1811 594 Item
1833 569 1884 594 ista
1903 571 1994 606 littera
2010 582 2031 606 y
2050 574 2100 598 ali¬

1539 607 1647 636 quando
1673 605 1779 638 ponitur
1802 613 1851 637 pro
1877 608 1905 629 si
1923 607 1959 631 sic
1980 608 2098 633 dicendo

1534 649 1556 675 y
1585 649 1653 666 vous
1676 642 1753 674 flest
1779 648 1829 674 pur
1863 643 1888 667 si
1916 650 1985 669 vous
2012 646 2096 677 flest.

1537 678 1605 702 Itera
1625 678 1770 709 aliquando
1786 678 1892 710 ponitur
1903 686 1951 710 pro
1962 679 2097 712 illeoques

1538 711 1568 746 ut
1580 712 1630 746 jeo
1644 721 1666 745 y
1685 720 1795 745 serray.

1584 755 1640 789 (CO
1655 764 1688 788 49
1690 756 1704 776 b
1705 756 1716 791 )
1745 757 1781 781 Et
1812 756 1960 791 aliquando
1991 768 2039 791 pro
2057 759 2098 784 lo-

1538 793 1649 818 cucione
1668 792 1830 818 enormativa
1850 794 1875 817 et
1887 794 2099 821 demonstrativa

1538 829 1613 861 come
1627 828 1697 863 j'ay
1716 836 1773 862 rnys
1791 834 1852 852 mon
1872 830 1934 854 seal
1947 838 1963 863 a
1980 838 2016 864 yc
2018 835 2099 857 estes.

1585 941 1643 974 (CO
1659 943 1701 976 50)
1721 944 1787 967 Itera
1807 942 1951 969 diversitas
1966 946 2098 979 scripture

1537 978 1603 1004 facit
1630 978 1810 1004 differendam
1839 980 1988 1012 aliquarum
2017 982 2098 1006 dicci-

1537 1021 1618 1046 onum
1643 1014 1761 1046 quamvis
1788 1014 1814 1038 in
1842 1023 1910 1041 voce
1933 1017 1985 1042 sint
2008 1018 2095 1042 consi¬

1538 1049 1615 1074 miles
1653 1050 1728 1080 verbi
1765 1051 1855 1080 gracia
1894 1056 1972 1086 ciel,
2011 1057 2097 1086 seel,

1538 1087 1626 1114 seal\
1647 1086 1817 1115 celee,ceele-
1840 1094 1898 1122 coy,
1909 1097 1979 1122 quoy
1988 1100 1994 1121 ;
2013 1091 2096 1121 vioal,

1539 1123 1621 1153 moel;
1643 1121 1734 1156 cerf,
1753 1124 1844 1158 serf',
1861 1127 1978 1155 teindre,
1989 1127 2095 1154 tendre,
