2481 1749
317 138 321 287 Altfranzös.
315 288 320 430 liibliothek.
314 447 334 510 VlIL

1014 239 1050 272 (H
1065 243 1111 279 66)
1126 244 1194 269 Item
1210 245 1294 266 cestes
1305 243 1432 276 paroules
1448 244 1523 268 huis-

966 276 1015 303 sel,
1034 282 1117 312 asse/,
1136 280 1205 304 esse/
1220 276 1282 303 bien
1302 280 1430 304 acordant
1442 279 1472 312 (!)
1490 288 1522 304 en

967 317 1062 339 soune.

1011 552 1050 583 (H
1063 555 1091 588 8)
1111 558 1145 581 Et
1159 556 1285 587 entendez
1298 564 1330 587 qe
1346 563 1429 580 ceaux
1443 558 1522 581 letres

965 594 1067 615 serront
1091 592 1220 624 changetz
1246 599 1278 616 en
1305 599 1388 617 soune
1409 593 1431 623 c,
1453 593 1478 625 d,
1500 602 1519 623 e,

956 624 986 658 ƒ,
1014 629 1046 657 F,
1071 629 1090 657 h
1115 637 1143 659 n,
1164 632 1194 661 p,
1219 633 1232 651 s
1253 630 1279 651 et
1299 631 1317 657 t,
1342 635 1397 652 nun
1417 636 1466 661 pas
1487 637 1521 653 en

964 661 1108 691 scripture:
1130 666 1151 689 C
1169 665 1264 695 devant
1293 664 1403 695 paroule
1425 673 1458 695 qe
1477 674 1520 689 co-

963 702 1109 729 mencepar
1120 699 1212 725 vovele
1224 697 1383 723 escriveretz
1398 699 1520 725 etlirretz

963 731 1012 762 vif
1012 735 1022 755 r
1047 735 1146 759 diercs
1172 739 1213 759 est
1236 735 1266 759 it.

961 766 991 789 D
1016 773 1091 795 corne
1116 770 1186 795 ruds
1205 770 1310 795 homme
1329 773 1372 794 est
1390 771 1418 795 il.

960 801 988 825 E
1018 807 1093 830 corne
1125 806 1221 838 larges
1241 807 1318 829 home
1338 809 1379 830 est
1397 808 1420 831 il

959 872 987 896 F
1014 881 1089 899 corne
1113 878 1172 910 vifs
1191 878 1268 901 hotne
1287 881 1329 901 est
1349 878 1378 906 il,
1401 876 1452 911 [et]
1474 878 1518 902 lir-

959 916 1000 933 res
1020 910 1073 942 vis.

962 944 987 968 G
1017 952 1093 972 come
1124 956 1213 980 rougs
1243 948 1321 972 home
1355 951 1397 974 est
1431 950 1454 973 il
1490 953 1516 974 et

958 980 1034 1004 lirres
1054 982 1174 1014 roug[e\.
1212 983 1234 1006 L
1258 992 1332 1008 corae
1356 986 1409 1008 nul
1439 987 1516 1009 home

960 1019 985 1039 et
1009 1015 1085 1041 lirres
1104 1017 1177 1051 nuis,
1199 1017 1262 1051 (nul
1278 1019 1420 1044 escriveres
1442 1027 1474 1045 en
1489 1019 1516 1044 Ie

958 1052 1046 1082 madle
1067 1054 1168 1082 gendre
1188 1057 1215 1077 et
1233 1056 1299 1078 nule
1318 1062 1349 1085 en
1368 1057 1469 1086 gendre
1481 1057 1515 1079 se-

1576 105 1663 135 tenir;
1678 106 1811 136 attendre,
1824 104 1999 139 atte[i]ndre;
2018 112 2134 139 esteant,

1576 142 1703 173 esteyant
1706 149 1713 173 ;
1737 149 1838 174 aymer,
1864 150 1940 167 amer
1947 142 1953 178 ;
1972 143 2059 176 foail,
2074 145 2133 178 fel,

1569 176 1638 207 feal
1656 177 1704 210 (?);
1737 178 1803 206 veel,
1833 179 1902 209 viel;
1931 180 2008 210 veile,
2035 181 2132 209 veille;

1574 211 1638 241 vile,
1667 213 1745 244 ville-,
1773 213 1880 243 brahcl,
1909 214 1989 239 brael
1992 222 2002 247 ;
2038 215 2090 239 her
2092 215 2133 244 de,

1577 247 1650 276 erde,
1691 249 1790 273 enerde
1796 254 1802 280 ;
1844 250 1944 282 essil,
1985 251 2063 274 huis
2070 257 2084 273 s
2090 252 2121 275 el
2126 268 2133 279 „

1575 285 1688 316 assel;
1720 283 1788 316 nies,
1821 285 1890 316 neif.\
1920 285 1998 318 neof;
2033 287 2133 315 baaile,

1576 317 1660 349 baile,
1691 319 1752 343 bale
1752 319 1759 351 ,
1790 319 1877 348 ba/ee;
1909 321 1994 354 lifter,
2026 322 2134 351 littere;

1569 354 1714 385 soumier,
1737 355 1864 389 forrier,
1897 357 1992 389 forer-,
2036 360 2133 386 rastel,
2191 370 2203 378 »

1576 393 1624 414 ras
1627 393 1701 419 tuer;
1738 397 1859 419 mesure,
1900 393 2016 417 meseire
2020 396 2027 425 ;
2063 393 2133 425 piel,

1571 427 1646 457 peel;
1679 426 1773 457 bereis,
1801 427 1913 458 berzize;
1942 429 2040 460 grisil,
2052 437 2135 459 gree-

1575 459 1608 489 le,
1619 462 1714 493 grele;
1734 464 1827 495 towne,
1844 465 1926 487 tonne
1931 471 1937 493 ;
1958 471 2046 498 neym,
2061 471 2134 497 neyit

1575 501 1626 520 etc.

1621 556 1677 589 (CO
1690 558 1735 590 Sí)
1766 561 1836 583 Item
1864 561 1955 592 sciatis
1986 562 2057 592 quod
2081 561 2134 586 hee

1574 591 1662 619 littere
1682 600 1704 627 c,
1725 593 1751 624 d,
1772 593 1793 628 e,
1806 593 1836 629 f,
1854 593 1898 627 g,’
1907 596 1926 626 l,
1946 603 1972 628 n,
1989 599 2019 630 p,
2039 604 2053 621 s
2073 599 2098 622 et
2113 600 2132 626 t,

1574 630 1670 653 debent
1699 631 1795 655 mutari
1824 632 1851 655 in
1882 639 1949 657 sono
1980 636 2006 656 et
2030 640 2084 656 non
2103 632 2130 657 in

1573 665 1713 697 scriptura:
1735 674 1748 690 c
1765 671 1826 691 ante
1846 667 1969 693 vocalem
1988 672 2018 693 ut
2041 667 2131 694 clerici

1573 702 1656 725 diers
1684 704 1710 725 et
1734 700 1816 736 debet
1836 701 1951 738 [sonari]
1973 703 2001 728 in
2023 703 2130 729 Gallico

1573 738 1652 761 eters.
1688 737 1766 761 Rudi
1787 738 1909 764 homines
1928 740 1999 764 ruds
2011 740 2132 765 hommes

1572 773 1597 794 et
1618 770 1701 797 debet
1721 772 1810 798 sonari
1830 781 1878 799 ruz
1897 774 2023 799 hommes.
2055 775 2131 800 Bone

1571 807 1694 832 mulieres
1718 809 1799 842 bones
1814 809 1934 843 femmes
1955 814 1981 835 et
2006 811 2130 840 debe(n)t

1571 843 1659 868 sonari
1671 844 1737 869 bons
1747 845 1867 877 femmes
1880 850 1905 870 et
1917 849 1980 871 tune
1994 855 2012 871 n
2026 845 2129 879 [debet]

1571 879 1662 902 sonari
1681 880 1836 912 semiplene.
1860 881 1924 905 Vivi
1936 882 2059 906 homines
2070 883 2130 916 vifs

1569 913 1688 939 hommes
1716 915 1843 948 loquatur
1875 925 1925 950 vys
1954 917 2073 943 hommes
2102 922 2128 943 et

1569 949 1608 974 sic
1630 950 1663 975 de
1683 951 1828 978 similibus.
