3460 4640
845 465 1986 534 parens freres ou cousins de cesfus
847 557 1974 623 in cisse ureus as osse qui a fant se roẏ
851 646 1984 718 asuie.qui iuẏ c dome sa fisse pour
855 739 1978 808 femine et espouse.Et pour fanf le
851 829 1988 902 Oe us et desire se auoit fur toufes cho
871 919 1970 993 es de quel estat ie suis.ef ci ces motz
872 1012 1988 1083 e de par titẏasenfinetfaissa esglen
853 1104 1984 1173 cine ensa chamOre ps ourant Bien pi
851 1195 1974 1265 feusement.Etsors commenec ci con
867 1286 1972 1357 derer que amour de fimine esf fors
855 1377 1976 1449 ce chose et mer ueisseuse.car siens.ĩt
839 1471 1975 1540 que siurs plaisoit esgsentmefa fisse
845 1562 1971 1634 du roẏ sen proit auec sup asa sousēs
839 1654 1968 1728 te.Mais se sens et fa raẏson qui es
840 1746 1966 1821 foit ensuz domnerenf et preserues
839 1836 1976 1911 rent en fous femps de faire chosesiē
848 1926 1964 2002 same.ne dequoẏ peust iamais auoir
830 2019 1957 2095 desẏome ur ou re proche.A tant sesse
835 2110 1964 2186 eSgztine et se mist c cheinzin.et quif
844 2202 1958 2283 Omit cui partir is fuf conouit ef cons
838 2294 1976 2376 uoie de psusieurs nosfes es gros sa
836 2384 1962 2467 rons de sa courfidont haufrop et hē
838 2474 1956 2558 rẏfurenf noust sopeusp a resours
842 2567 1957 2651 ef pour seurs fausces enupes dequoẏ
846 2659 1954 2741 Se song temps isz est oiens plains nz
834 2749 1966 2833 niathinerent ef auiserent que iur se
838 2843 1961 2923 cNemin ulz seroient pour prendre sa
846 2934 1969 3015 sen fizef oison qui qauec suẏ menoit:
848 3027 1958 3106 ec ses ferons mourit effeurs sies de
861 3118 1969 3201 finer ẏon feusemef pour ef afin que
838 3210 1969 3294 allamais iz fusset sengez de fa cho
860 3303 1973 3379 e dequos iiz desiroient plus Deftre. "
930 3574 1968 3654 Comment ẏauffrop et henrẏ fus
844 3667 1967 3751 rent gaitfers asentin sur se che min
854 3759 1827 3846 pour supef orson faire mourir."
1647 3851 1958 3940 pou.ci.
2358 470 3208 538 Duant sas enfin es orson
2377 558 3204 628 furent de par fis de sa courf
2372 649 3210 720 ou roẏ pepin pour aser en
2090 741 3208 810 ccquifaine douseur et mesenc osie c'
2084 831 3204 902 uecenuẏe decepuasse ef mausoite en
2084 926 3204 992 fra plus que deuant ef aggr qua ses
2087 1015 3205 1081 cueurs ef courages de deus dessops
2081 1107 3186 1179 aus pet maussis cr asitres haufr oẏ
2073 1197 3201 1267 et Geurẏen fesse mansere que pour
2082 1287 3204 1358 paruenir ci feur fausee mausdite ēt
2086 1379 3199 1450 Dece puasse enfre pinse iz parferent
2080 1470 3196 1543 ciong cousigermauz quis z auoient
2080 1561 3199 1634 et fant firent que par enfre euss fut
2082 1653 3202 1724 quise et desisere que frefe.ẏommes
2071 1747 3204 1817 puissans ets qissans. Gastferoienf ef
2089 1836 3203 1906 i me ffer oient garde iur senfant sc
2082 1925 3200 1999 senfinet se sauuasge Orsonen fesse
2072 2020 3190 2089 naniere que ou iszserosenf fr oune 
2100 2110 3188 2182 ans nusse remission iz fussentoeso
2079 2198 3189 2272 fruis et mis amorf: "Apres son cono
2075 2294 3187 2364 seis i fist assemsser pẏz.Nomes dees
2070 2383 3194 2456 pfus red ousiez quif peut finer puis
2063 2473 3196 2548 ses enuoẏa ef fit aser en armes ef en
2071 2566 3190 2641 point deofesne forest Giensarge par
2071 2657 3187 2732 saquessesasenfinet orson deuopent
2068 2747 3186 2826 passer.Sine de mour a pas fongue
2067 2837 3190 2916 nent que sas enfmet orion qui cous
2066 2929 3177 3007 r oit si pie deuant fuẏ plus que son
2075 3023 3194 3098 cheues.enfrerent ensa foresf.nōocses
2071 3112 3188 3189 apear ceusgrgar ef sesgens qestoiēt
2065 3201 3197 3281 en emsuese.Et quoit grigar sitsa
2072 3295 3190 3373 sentin is saisfit contre furz son espee
2067 3384 3183 3465 ffree pout se fuer.Et fes coupa don
2061 3473 3179 3556 ne au nos se cheuasierDasentun que
2069 3565 3185 3650 par mẏ se ẏarnos s if suz a enfanune.
2065 3656 3183 3740 fa ch qir fant q se sang ensassĩt.puis
2069 3747 3175 3833 sur dit sasenfin ieẏ mourirsosouie
2072 3843 3177 3927 dƺ qi car frop auez sescu.Et quant
