3336 4540
287 424 1355 496 aif ou aus tremenf onne sous doẏf
272 512 1359 587 pas senir pour soẏ af frere. "Quant fe
260 598 1338 678 rop pe pu opt parfer de safeur sessis
294 690 1360 764 caint moust tendrement is se print de
262 778 1360 853 cueur cai souspirer et moust foit fa re
237 871 1356 943 grefta.car sie s auoit ps.as passes
264 955 1355 1031 s defse nauoit eu nouuesse.Ainẏ dist
260 1044 1356 1123 se rop dites moẏ ouesf ma seur.Qar
260 1137 1365 1212  aẏ grant desir de se auoir de son faĩt
264 1226 1362 1297 et coment esse se porte.Sire dist sfa
270 1313 1351 1387 omain ien seapsien fa serite.maĩs
250 1404 1360 1477 pour rieus ne fe sous dir oie.Mar se
264 1495 1354 1567 fup cẏ promms qse fieu ouesse est polt
247 1584 1363 1656 ne le de cs aireraẏ.niais se de son fait
247 1673 1345 1742 Gous esfes dous feupet sous paises
261 1761 1354 1833 qNe soit couspasse du fait par quoẏ
249 1850 1350 1921 esse est decẏissee.ie sous amentr aẏ
264 1931 1365 2013 deuat soffre presence fef ẏomme qui
249 2026 1351 2104 pour sa quer esse confre fous seust co
247 2117 1351 2192 Pafre et sis estsaicu is seust estre pe
253 2207 1352 2276 su honf eusement.Etsa dame sossi
252 2297 1341 2371 ge de souffrir mort piteuse et dousoit
255 2388 1342 2456 reuse.Besas ce dist fe ros desa sopaut
260 2477 1341 2548 fe de mia seur ie suig fout fnforme ne
251 2567 1349 2634 ie ne quiers ianiqis en quoir qustre
248 2653 1352 2728 epperience que cesse du fauss iraẏpss
248 2744 1348 2816 fre cr cheuesque qui par se fon mars
252 2833 1341 2906 cant aestesaincu.Et ꝯ par deuant
254 2921 1344 2998 cous sa fr aẏẏẏson aconse ssee magnĩs
273 3011 1353 3084 seffemens.Je scaẏsien que ma seur
250 3102 1343 3174 ci foit est enepis.Jesapsong femps
279 3190 1347 3259 ait serchier ef querir.mais en nusse
247 3279 1321 3352 maniere desse ie naẏpeu auoir cognō
273 3370 1345 3438 ance.et qui plus esf cu cuneur nie por
254 3461 1351 3529 te despsaisance.cest que ma seur que
259 3550 1352 3616 tanf chierement laẏmoẏe au femps
242 3638 1346 3704 de sa dous oureuse foifune quesse fut
243 3727 1351 3799 decẏasee par sempereur de grece.
1463 419 2560 493 qui ie sauoẏe domee.esse estoit gr oss
1477 507 2567 584 Je et enssamte denfanf.Lors or ne
1479 600 2564 673 capse ques enfant esse apeir enfanfez
1455 691 2567 761 ne en quesse maniere dicesuz deeref
1459 781 2550 851 se peusteffre eschappee.Qar ie seaẏ
1458 872 2560 939 ef cognoẏs qesse na pas eu a son fes
1474 960 2564 1028 oing celie ciẏde ne confoit comme if
1461 1047 2550 1116 sirs apartenoit.Sire dist Gsanōiz
1448 1134 2475 1205 niaus pour parfer de ceffe mafiere
1457 1221 2556 1296 chez que madames offre seur en sa fo
1451 1315 2516 1385 rest dorse ans sentit se mas denfant.
1455 1403 2556 1472 Etquont se maffup fust prius esse
1458 1494 2544 1562 mienuoẏa ensong susaige qui pres
1455 1582 2554 1652 de nous effoit pour fus querir fems
1457 1671 2560 1743 me qui secours et aẏde sur peust fāt
1453 1760 2552 1833 re.Lors ie seie.sa plus qrande disͤis
1461 1849 2532 1922 gence que possisse me fusf de fairez
1461 1940 2549 2012 Mais oncques se ne sceuẏp si fost res
1458 2029 2532 2102 tourner que sa nos se es sranche das
1441 2118 2547 2191 me auoit enfante deurs moust fe cutͤs
1440 2207 2540 2280 enfane.Desquesz Gne ourse sauuaus
1439 2299 2544 2371 qe fur seusemenf et oustr ageuseniet
1452 2387 2542 2459 ef qin si que one fefe enragee song de
1455 2478 2537 2549 ses ensanssirz oNa es emporta par'
1443 2569 2548 2640 mẏ se sois en fesse mantere q' sa rops
1443 2658 2541 2733 ne fessissanf quide fon corps ef desa
1441 2750 2539 2820 puiss ance se cuida ialtuer ef sec ourĩz
1448 2838 2546 2910 mais esse ne sceust qui deuinfief que
1453 2929 2548 3004 canf par sonenfant auoit souffert de
1451 3016 2529 3091 peine ef de douseur que ie sa fr ouucẏ
1453 3107 2544 3181 parnip se fois desus serse couchee
1447 3195 2532 3271 piteuse meus aoinee que iieuss sem
1448 3285 2536 3361 Osoit moite que oiue.Jesa seuapen
1448 3373 2535 3451 tre mes rcis de foute ma puissace ie
1450 3461 2542 3539 fa resofoifaẏ.et quant esse fut reue
1452 3552 2539 3631 nue et que esse peusf parser ensouspi
1446 3642 2546 3720 rat noust piteusemet efsfe me copta
1451 3734 2548 3813 fa maniere coment esse auoit perdu
