<?xml version="1.0" encoding="UTF-8" standalone="yes"?>
<PcGts xmlns="http://schema.primaresearch.org/PAGE/gts/pagecontent/2013-07-15" xmlns:xsi="http://www.w3.org/2001/XMLSchema-instance" xsi:schemaLocation="http://schema.primaresearch.org/PAGE/gts/pagecontent/2013-07-15 http://schema.primaresearch.org/PAGE/gts/pagecontent/2013-07-15/pagecontent.xsd">
    <Metadata>
        <Creator>prov=University of Rostock/Institute of Mathematics/CITlab/Gundram Leifert/gundram.leifert@uni-rostock.de:name=Model_1_HTR(htr_id=14910)::::v=2.4.3
prov=University of Rostock/Institute of Mathematics/CITlab/Tobias Gruening/tobias.gruening@uni-rostock.de:name=de.uros.citlab.module.baseline2polygon.B2PSeamMultiOriented:v=2.4.3
prov=University of Rostock/Institute of Mathematics/CITlab/Tobias Gruening/tobias.gruening@uni-rostock.de:name=/net_tf/LA73_249_0mod360.pb:de.uros.citlab.segmentation.CITlab_LA_ML:v=2.4.2
Transkribus</Creator>
        <Created>2019-11-18T14:50:10.507+01:00</Created>
        <LastChange>2019-11-18T15:10:28.069+01:00</LastChange>
        <TranskribusMetadata docId="254262" pageId="11127454" pageNr="2" tsid="19518097" status="IN_PROGRESS" userId="50852" imgUrl="https://files.transkribus.eu/Get?id=DWLQKIDDZUMGKEAQZKZHUEKW&amp;fileType=view" xmlUrl="https://files.transkribus.eu/Get?id=NDNUSLQKRUDKBSWLBHMDNRWC" imageId="7593054"/>
    </Metadata>
    <Page imageFilename="254262_0002_11127454.jpg" imageWidth="3288" imageHeight="4516">
        <ReadingOrder>
            <OrderedGroup id="ro_1633103344225" caption="Regions reading order">
                <RegionRefIndexed index="0" regionRef="r1"/>
                <RegionRefIndexed index="1" regionRef="r2"/>
            </OrderedGroup>
        </ReadingOrder>
        <TextRegion orientation="0.0" id="r1" custom="readingOrder {index:0;}">
            <Coords points="221,422 221,3828 1370,3828 1370,422"/>
            <TextLine id="r1l1" custom="readingOrder {index:0;}">
                <Coords points="253,490 308,489 364,489 419,489 475,488 531,488 586,488 642,488 698,489 753,489 809,489 865,489 920,489 976,489 1032,489 1087,489 1143,489 1199,488 1254,488 1310,487 1366,486 1366,422 1310,423 1254,424 1199,424 1143,425 1087,425 1032,425 976,425 920,425 865,425 809,425 753,425 698,425 642,424 586,424 531,424 475,424 419,425 364,425 308,425 253,426"/>
                <Baseline points="253,469 308,468 364,468 419,468 475,467 531,467 586,467 642,467 698,468 753,468 809,468 865,468 920,468 976,468 1032,468 1087,468 1143,468 1199,467 1254,467 1310,466 1366,465"/>
                <TextEquiv>
                    <Unicode>de sa coifree de frace.car laẏ moust</Unicode>
                </TextEquiv>
            </TextLine>
            <TextLine id="r1l2" custom="readingOrder {index:1;}">
                <Coords points="271,582 328,581 386,581 444,580 502,580 560,579 618,579 675,579 733,579 791,578 849,578 907,578 965,578 1022,578 1080,578 1138,578 1196,578 1254,578 1312,578 1370,577 1370,513 1312,514 1254,514 1196,514 1138,514 1080,514 1022,514 965,514 907,514 849,514 791,514 733,515 675,515 618,515 560,515 502,516 444,516 386,517 328,517 271,518"/>
                <Baseline points="271,561 328,560 386,560 444,559 502,559 560,558 618,558 675,558 733,558 791,557 849,557 907,557 965,557 1022,557 1080,557 1138,557 1196,557 1254,557 1312,557 1370,556"/>
                <TextEquiv>
                    <Unicode>fors grat desir de saisser se paile.Et</Unicode>
                </TextEquiv>
            </TextLine>
            <TextLine id="r1l3" custom="readingOrder {index:2;}">
                <Coords points="268,675 322,673 376,671 430,670 484,669 538,668 592,667 646,667 700,667 754,667 808,667 862,667 916,668 970,668 1024,668 1078,668 1132,669 1186,669 1240,669 1294,669 1349,668 1349,604 1294,605 1240,605 1186,605 1132,605 1078,604 1024,604 970,604 916,604 862,603 808,603 754,603 700,603 646,603 592,603 538,604 484,605 430,606 376,607 322,609 268,611"/>
                <Baseline points="268,654 322,652 376,650 430,649 484,648 538,647 592,646 646,646 700,646 754,646 808,646 862,646 916,647 970,647 1024,647 1078,647 1132,648 1186,648 1240,648 1294,648 1349,647"/>
                <TextEquiv>
                    <Unicode>f aut cheue.cher coz q iamals naur cẏ</Unicode>
                </TextEquiv>
            </TextLine>
            <TextLine id="r1l4" custom="readingOrder {index:3;}">
                <Coords points="261,764 316,762 371,761 427,760 482,759 538,759 593,758 648,758 704,758 759,758 815,758 870,758 925,758 981,758 1036,758 1092,758 1147,758 1202,758 1258,757 1313,756 1369,755 1369,691 1313,692 1258,693 1202,694 1147,694 1092,694 1036,694 981,694 925,694 870,694 815,694 759,694 704,694 648,694 593,694 538,695 482,695 427,696 371,697 316,698 261,700"/>
                <Baseline points="261,743 316,741 371,740 427,739 482,738 538,738 593,737 648,737 704,737 759,737 815,737 870,737 925,737 981,737 1036,737 1092,737 1147,737 1202,737 1258,736 1313,735 1369,734"/>
                <TextEquiv>
                    <Unicode>repos fanf que ie aẏe seouuesfe de fa</Unicode>
                </TextEquiv>
            </TextLine>
            <TextLine id="r1l5" custom="readingOrder {index:4;}">
                <Coords points="249,853 304,851 360,850 416,849 472,848 527,848 583,848 639,848 695,848 750,848 806,848 862,848 918,849 973,849 1029,849 1085,849 1141,849 1196,848 1252,847 1308,846 1364,845 1364,781 1308,782 1252,783 1196,784 1141,785 1085,785 1029,785 973,785 918,785 862,784 806,784 750,784 695,784 639,784 583,784 527,784 472,784 416,785 360,786 304,787 249,789"/>
                <Baseline points="249,832 304,830 360,829 416,828 472,827 527,827 583,827 639,827 695,827 750,827 806,827 862,827 918,828 973,828 1029,828 1085,828 1141,828 1196,827 1252,826 1308,825 1364,824"/>
                <TextEquiv>
                    <Unicode>nere qui ne porfa.car freffoit is me</Unicode>
                </TextEquiv>
            </TextLine>
            <TextLine id="r1l6" custom="readingOrder {index:5;}">
                <Coords points="264,941 319,939 374,938 429,937 484,937 539,936 594,936 650,936 705,937 760,937 815,937 870,937 925,938 980,938 1036,938 1091,938 1146,937 1201,937 1256,936 1311,935 1367,933 1367,869 1311,871 1256,872 1201,873 1146,873 1091,874 1036,874 980,874 925,874 870,873 815,873 760,873 705,873 650,872 594,872 539,872 484,873 429,873 374,874 319,875 264,877"/>
                <Baseline points="264,920 319,918 374,917 429,916 484,916 539,915 594,915 650,915 705,916 760,916 815,916 870,916 925,917 980,917 1036,917 1091,917 1146,916 1201,916 1256,915 1311,914 1367,912"/>
                <TextEquiv>
                    <Unicode>despsaist que sẏ fonguemient lahẏBes</Unicode>
                </TextEquiv>
            </TextLine>
            <TextLine id="r1l7" custom="readingOrder {index:6;}">
                <Coords points="246,1031 301,1029 357,1028 412,1027 468,1027 524,1026 579,1026 635,1026 690,1027 746,1027 802,1027 857,1027 913,1028 968,1028 1024,1028 1080,1028 1135,1028 1191,1028 1246,1027 1302,1026 1358,1025 1358,961 1302,962 1246,963 1191,964 1135,964 1080,964 1024,964 968,964 913,964 857,963 802,963 746,963 690,963 635,962 579,962 524,962 468,963 412,963 357,964 301,965 246,967"/>
                <Baseline points="246,1010 301,1008 357,1007 412,1006 468,1006 524,1005 579,1005 635,1005 690,1006 746,1006 802,1006 857,1006 913,1007 968,1007 1024,1007 1080,1007 1135,1007 1191,1007 1246,1006 1302,1005 1358,1004"/>
                <TextEquiv>
                    <Unicode>moure sans auoir qui ie suis.Na</Unicode>
                </TextEquiv>
            </TextLine>
            <TextLine id="r1l8" custom="readingOrder {index:7;}">
                <Coords points="247,1120 302,1119 357,1118 413,1118 468,1117 524,1117 579,1117 634,1117 690,1117 745,1117 801,1117 856,1117 911,1117 967,1117 1022,1117 1078,1117 1133,1116 1188,1116 1244,1115 1299,1114 1355,1113 1355,1049 1299,1050 1244,1051 1188,1052 1133,1052 1078,1053 1022,1053 967,1053 911,1053 856,1053 801,1053 745,1053 690,1053 634,1053 579,1053 524,1053 468,1053 413,1054 357,1054 302,1055 247,1056"/>
                <Baseline points="247,1099 302,1098 357,1097 413,1097 468,1096 524,1096 579,1096 634,1096 690,1096 745,1096 801,1096 856,1096 911,1096 967,1096 1022,1096 1078,1096 1133,1095 1188,1095 1244,1094 1299,1093 1355,1092"/>
                <TextEquiv>
                    <Unicode>senti dist se Toẏ ne sous chaisse q'</Unicode>
                </TextEquiv>
            </TextLine>
            <TextLine id="r1l9" custom="readingOrder {index:8;}">
                <Coords points="251,1210 306,1210 361,1209 416,1209 471,1209 526,1209 581,1209 637,1209 692,1208 747,1208 802,1208 857,1208 912,1208 967,1208 1023,1207 1078,1207 1133,1207 1188,1206 1243,1205 1298,1205 1354,1203 1354,1139 1298,1141 1243,1141 1188,1142 1133,1143 1078,1143 1023,1143 967,1144 912,1144 857,1144 802,1144 747,1144 692,1144 637,1145 581,1145 526,1145 471,1145 416,1145 361,1145 306,1146 251,1146"/>
                <Baseline points="251,1189 306,1189 361,1188 416,1188 471,1188 526,1188 581,1188 637,1188 692,1187 747,1187 802,1187 857,1187 912,1187 967,1187 1023,1186 1078,1186 1133,1186 1188,1185 1243,1184 1298,1184 1354,1182"/>
                <TextEquiv>
                    <Unicode>fous soẏez.Qar assezsuis puiss ant</Unicode>
                </TextEquiv>
            </TextLine>
            <TextLine id="r1l10" custom="readingOrder {index:9;}">
                <Coords points="242,1302 297,1301 353,1300 408,1299 464,1298 519,1298 575,1298 630,1298 686,1298 741,1298 797,1298 852,1298 908,1298 963,1298 1019,1298 1074,1298 1130,1297 1185,1297 1241,1295 1296,1294 1352,1293 1352,1229 1296,1230 1241,1231 1185,1233 1130,1233 1074,1234 1019,1234 963,1234 908,1234 852,1234 797,1234 741,1234 686,1234 630,1234 575,1234 519,1234 464,1234 408,1235 353,1236 297,1237 242,1238"/>
                <Baseline points="242,1281 297,1280 353,1279 408,1278 464,1277 519,1277 575,1277 630,1277 686,1277 741,1277 797,1277 852,1277 908,1277 963,1277 1019,1277 1074,1277 1130,1276 1185,1276 1241,1274 1296,1273 1352,1272"/>
                <TextEquiv>
                    <Unicode>pour sous domer des Giens farges</Unicode>
                </TextEquiv>
            </TextLine>
            <TextLine id="r1l11" custom="readingOrder {index:10;}">
                <Coords points="255,1388 309,1388 364,1388 419,1388 474,1387 529,1387 583,1387 638,1387 693,1386 748,1386 803,1386 857,1386 912,1386 967,1385 1022,1385 1077,1385 1131,1385 1186,1385 1241,1384 1296,1384 1351,1384 1351,1320 1296,1320 1241,1320 1186,1321 1131,1321 1077,1321 1022,1321 967,1321 912,1322 857,1322 803,1322 748,1322 693,1322 638,1323 583,1323 529,1323 474,1323 419,1324 364,1324 309,1324 255,1324"/>
                <Baseline points="255,1367 309,1367 364,1367 419,1367 474,1366 529,1366 583,1366 638,1366 693,1365 748,1365 803,1365 857,1365 912,1365 967,1364 1022,1364 1077,1364 1131,1364 1186,1364 1241,1363 1296,1363 1351,1363"/>
                <TextEquiv>
                    <Unicode>menfef sous nonfer en homeur et</Unicode>
                </TextEquiv>
            </TextLine>
            <TextLine id="r1l12" custom="readingOrder {index:11;}">
                <Coords points="247,1478 302,1478 357,1477 412,1477 468,1477 523,1476 578,1476 633,1476 689,1476 744,1476 799,1476 854,1477 910,1477 965,1477 1020,1477 1075,1477 1131,1477 1186,1477 1241,1477 1296,1477 1352,1477 1352,1413 1296,1413 1241,1413 1186,1413 1131,1413 1075,1413 1020,1413 965,1413 910,1413 854,1413 799,1412 744,1412 689,1412 633,1412 578,1412 523,1412 468,1413 412,1413 357,1413 302,1414 247,1414"/>
                <Baseline points="247,1457 302,1457 357,1456 412,1456 468,1456 523,1455 578,1455 633,1455 689,1455 744,1455 799,1455 854,1456 910,1456 965,1456 1020,1456 1075,1456 1131,1456 1186,1456 1241,1456 1296,1456 1352,1456"/>
                <TextEquiv>
                    <Unicode>Gous fasre puissanfef fous ceuss de</Unicode>
                </TextEquiv>
            </TextLine>
            <TextLine id="r1l13" custom="readingOrder {index:12;}">
                <Coords points="243,1572 298,1570 353,1569 408,1568 464,1567 519,1566 574,1565 630,1565 685,1565 740,1565 796,1565 851,1565 906,1565 961,1565 1017,1566 1072,1566 1127,1566 1183,1566 1238,1566 1293,1566 1349,1566 1349,1502 1293,1502 1238,1502 1183,1502 1127,1502 1072,1502 1017,1502 961,1501 906,1501 851,1501 796,1501 740,1501 685,1501 630,1501 574,1501 519,1502 464,1503 408,1504 353,1505 298,1506 243,1508"/>
                <Baseline points="243,1551 298,1549 353,1548 408,1547 464,1546 519,1545 574,1544 630,1544 685,1544 740,1544 796,1544 851,1544 906,1544 961,1544 1017,1545 1072,1545 1127,1545 1183,1545 1238,1545 1293,1545 1349,1545"/>
                <TextEquiv>
                    <Unicode>mia courf.Et aussi chiersous fieg</Unicode>
                </TextEquiv>
            </TextLine>
            <TextLine id="r1l14" custom="readingOrder {index:13;}">
                <Coords points="246,1658 301,1657 356,1656 411,1655 466,1655 521,1654 576,1654 631,1654 686,1654 741,1654 796,1654 851,1654 906,1654 961,1655 1016,1655 1071,1656 1126,1656 1181,1657 1236,1657 1291,1658 1346,1659 1346,1596 1291,1595 1236,1594 1181,1594 1126,1593 1071,1593 1016,1592 961,1592 906,1591 851,1591 796,1591 741,1591 686,1591 631,1591 576,1591 521,1591 466,1592 411,1592 356,1593 301,1594 246,1595"/>
                <Baseline points="246,1637 301,1636 356,1635 411,1634 466,1634 521,1633 576,1633 631,1633 686,1633 741,1633 796,1633 851,1633 906,1633 961,1634 1016,1634 1071,1635 1126,1635 1181,1636 1236,1636 1291,1637 1346,1638"/>
                <TextEquiv>
                    <Unicode>coninie se sous essiez de mois propre</Unicode>
                </TextEquiv>
            </TextLine>
            <TextLine id="r1l15" custom="readingOrder {index:14;}">
                <Coords points="272,1750 325,1748 379,1747 432,1746 486,1745 540,1745 593,1745 647,1745 700,1745 754,1745 808,1746 861,1746 915,1746 968,1747 1022,1747 1076,1747 1129,1747 1183,1747 1236,1746 1290,1746 1344,1745 1344,1682 1290,1683 1236,1683 1183,1684 1129,1684 1076,1684 1022,1684 968,1684 915,1683 861,1683 808,1683 754,1682 700,1682 647,1682 593,1682 540,1682 486,1682 432,1683 379,1684 325,1685 272,1687"/>
                <Baseline points="272,1729 325,1727 379,1726 432,1725 486,1724 540,1724 593,1724 647,1724 700,1724 754,1724 808,1725 861,1725 915,1725 968,1726 1022,1726 1076,1726 1129,1726 1183,1726 1236,1725 1290,1725 1344,1724"/>
                <TextEquiv>
                    <Unicode>ang.Sire dist sasentus pour dieit</Unicode>
                </TextEquiv>
            </TextLine>
            <TextLine id="r1l16" custom="readingOrder {index:15;}">
                <Coords points="265,1837 321,1836 378,1836 435,1836 492,1836 548,1836 605,1836 662,1836 719,1836 776,1836 832,1836 889,1836 946,1836 1003,1836 1060,1837 1116,1837 1173,1837 1230,1837 1287,1838 1344,1838 1344,1774 1287,1774 1230,1773 1173,1773 1116,1773 1060,1773 1003,1772 946,1772 889,1772 832,1772 776,1772 719,1772 662,1772 605,1772 548,1772 492,1772 435,1772 378,1772 321,1772 265,1773"/>
                <Baseline points="265,1816 321,1815 378,1815 435,1815 492,1815 548,1815 605,1815 662,1815 719,1815 776,1815 832,1815 889,1815 946,1815 1003,1815 1060,1816 1116,1816 1173,1816 1230,1816 1287,1817 1344,1817"/>
                <TextEquiv>
                    <Unicode>oit ef me pardomez.Qar de song</Unicode>
                </TextEquiv>
            </TextLine>
            <TextLine id="r1l17" custom="readingOrder {index:16;}">
                <Coords points="251,1927 305,1926 359,1925 414,1925 468,1925 523,1924 577,1925 632,1925 686,1925 741,1926 795,1926 849,1926 904,1927 958,1927 1013,1928 1067,1928 1122,1929 1176,1929 1231,1929 1285,1929 1340,1928 1340,1864 1285,1865 1231,1865 1176,1865 1122,1865 1067,1864 1013,1864 958,1863 904,1863 849,1862 795,1862 741,1862 686,1861 632,1861 577,1861 523,1860 468,1861 414,1861 359,1861 305,1862 251,1863"/>
                <Baseline points="251,1906 305,1905 359,1904 414,1904 468,1904 523,1903 577,1904 632,1904 686,1904 741,1905 795,1905 849,1905 904,1906 958,1906 1013,1907 1067,1907 1122,1908 1176,1908 1231,1908 1285,1908 1340,1907"/>
                <TextEquiv>
                    <Unicode>temps ie sapsoufu. "Quant seDoẏ</Unicode>
                </TextEquiv>
            </TextLine>
            <TextLine id="r1l18" custom="readingOrder {index:17;}">
                <Coords points="240,2013 295,2013 350,2014 405,2014 461,2014 516,2014 571,2015 627,2015 682,2015 737,2015 793,2016 848,2016 903,2016 958,2016 1014,2016 1069,2016 1124,2016 1180,2016 1235,2016 1290,2016 1346,2016 1346,1952 1290,1952 1235,1952 1180,1952 1124,1952 1069,1952 1014,1952 958,1952 903,1952 848,1952 793,1952 737,1951 682,1951 627,1951 571,1951 516,1950 461,1950 405,1950 350,1950 295,1949 240,1949"/>
                <Baseline points="240,1992 295,1992 350,1993 405,1993 461,1993 516,1993 571,1994 627,1994 682,1994 737,1994 793,1995 848,1995 903,1995 958,1995 1014,1995 1069,1995 1124,1995 1180,1995 1235,1995 1290,1995 1346,1995"/>
                <TextEquiv>
                    <Unicode>Oit que sasenfin esfoit du fout dest</Unicode>
                </TextEquiv>
            </TextLine>
            <TextLine id="r1l19" custom="readingOrder {index:18;}">
                <Coords points="243,2106 300,2105 358,2105 416,2104 474,2104 532,2104 590,2105 647,2105 705,2105 763,2105 821,2106 879,2106 937,2107 994,2107 1052,2107 1110,2108 1168,2108 1226,2108 1284,2108 1342,2108 1342,2044 1284,2044 1226,2044 1168,2044 1110,2044 1052,2043 994,2043 937,2043 879,2042 821,2042 763,2041 705,2041 647,2041 590,2041 532,2040 474,2040 416,2040 358,2041 300,2041 243,2042"/>
                <Baseline points="243,2085 300,2084 358,2084 416,2083 474,2083 532,2083 590,2084 647,2084 705,2084 763,2084 821,2085 879,2085 937,2086 994,2086 1052,2086 1110,2087 1168,2087 1226,2087 1284,2087 1342,2087"/>
                <TextEquiv>
                    <Unicode>" ere diseren aequifaine Pelus dons</Unicode>
                </TextEquiv>
            </TextLine>
            <TextLine id="r1l20" custom="readingOrder {index:19;}">
                <Coords points="226,2197 281,2196 337,2196 393,2195 449,2195 504,2195 560,2195 616,2195 672,2195 727,2196 783,2196 839,2196 895,2196 950,2196 1006,2196 1062,2196 1118,2196 1173,2196 1229,2196 1285,2195 1341,2195 1341,2131 1285,2131 1229,2132 1173,2132 1118,2132 1062,2132 1006,2132 950,2132 895,2132 839,2132 783,2132 727,2132 672,2131 616,2131 560,2131 504,2131 449,2131 393,2131 337,2132 281,2132 226,2133"/>
                <Baseline points="226,2176 281,2175 337,2175 393,2174 449,2174 504,2174 560,2174 616,2174 672,2174 727,2175 783,2175 839,2175 895,2175 950,2175 1006,2175 1062,2175 1118,2175 1173,2175 1229,2175 1285,2174 1341,2174"/>
                <TextEquiv>
                    <Unicode>na conge par fes conuenant quif surz</Unicode>
                </TextEquiv>
            </TextLine>
            <TextLine id="r1l21" custom="readingOrder {index:20;}">
                <Coords points="262,2282 315,2283 368,2283 422,2284 475,2284 529,2284 582,2284 636,2285 689,2285 743,2285 796,2285 849,2286 903,2286 956,2286 1010,2286 1063,2286 1117,2287 1170,2287 1224,2287 1277,2287 1331,2287 1331,2223 1277,2223 1224,2223 1170,2223 1117,2223 1063,2222 1010,2222 956,2222 903,2222 849,2222 796,2221 743,2221 689,2221 636,2221 582,2220 529,2220 475,2220 422,2220 368,2219 315,2219 262,2218"/>
                <Baseline points="262,2261 315,2262 368,2262 422,2263 475,2263 529,2263 582,2263 636,2264 689,2264 743,2264 796,2264 849,2265 903,2265 956,2265 1010,2265 1063,2265 1117,2266 1170,2266 1224,2266 1277,2266 1331,2266"/>
                <TextEquiv>
                    <Unicode>fist pronieffre de refouruer ẏers fuẏ</Unicode>
                </TextEquiv>
            </TextLine>
            <TextLine id="r1l22" custom="readingOrder {index:21;}">
                <Coords points="235,2379 290,2378 346,2376 401,2376 457,2375 512,2374 568,2374 623,2374 679,2374 734,2374 790,2374 845,2375 901,2375 956,2376 1012,2376 1067,2377 1123,2378 1178,2378 1234,2379 1289,2379 1345,2380 1345,2317 1289,2316 1234,2316 1178,2315 1123,2315 1067,2314 1012,2313 956,2313 901,2312 845,2312 790,2311 734,2311 679,2311 623,2311 568,2311 512,2311 457,2312 401,2313 346,2313 290,2315 235,2316"/>
                <Baseline points="235,2358 290,2357 346,2355 401,2355 457,2354 512,2353 568,2353 623,2353 679,2353 734,2353 790,2353 845,2354 901,2354 956,2355 1012,2355 1067,2356 1123,2357 1178,2357 1234,2358 1289,2358 1345,2359"/>
                <TextEquiv>
                    <Unicode>Apres q au ẏers cheuasier se seroit</Unicode>
                </TextEquiv>
            </TextLine>
            <TextLine id="r1l23" custom="readingOrder {index:22;}">
                <Coords points="227,2464 282,2465 338,2465 393,2466 449,2466 504,2466 560,2466 615,2466 671,2466 726,2465 782,2465 837,2465 893,2465 948,2465 1004,2466 1059,2466 1115,2467 1170,2467 1226,2469 1281,2470 1337,2471 1337,2408 1281,2407 1226,2406 1170,2404 1115,2404 1059,2403 1004,2403 948,2402 893,2402 837,2402 782,2402 726,2402 671,2403 615,2403 560,2403 504,2403 449,2403 393,2403 338,2402 282,2402 227,2401"/>
                <Baseline points="227,2443 282,2444 338,2444 393,2445 449,2445 504,2445 560,2445 615,2445 671,2445 726,2444 782,2444 837,2444 893,2444 948,2444 1004,2445 1059,2445 1115,2446 1170,2446 1226,2448 1281,2449 1337,2450"/>
                <TextEquiv>
                    <Unicode>coms ati.et se dieu supdome Sancee</Unicode>
                </TextEquiv>
            </TextLine>
            <TextLine id="r1l24" custom="readingOrder {index:23;}">
                <Coords points="232,2557 287,2557 342,2556 397,2555 452,2555 508,2555 563,2554 618,2554 673,2554 728,2554 784,2554 839,2555 894,2555 949,2555 1004,2556 1060,2557 1115,2557 1170,2558 1225,2558 1280,2560 1336,2560 1336,2496 1280,2496 1225,2494 1170,2494 1115,2493 1060,2493 1004,2492 949,2491 894,2491 839,2491 784,2490 728,2490 673,2490 618,2490 563,2490 508,2491 452,2491 397,2491 342,2492 287,2493 232,2493"/>
                <Baseline points="232,2536 287,2536 342,2535 397,2534 452,2534 508,2534 563,2533 618,2533 673,2533 728,2533 784,2533 839,2534 894,2534 949,2534 1004,2535 1060,2536 1115,2536 1170,2537 1225,2537 1280,2539 1336,2539"/>
                <TextEquiv>
                    <Unicode>etsie.Dasenfinsus pronnsf.eni par</Unicode>
                </TextEquiv>
            </TextLine>
            <TextLine id="r1l25" custom="readingOrder {index:24;}">
                <Coords points="239,2647 293,2646 347,2646 402,2645 456,2645 511,2645 565,2645 620,2645 674,2645 729,2645 783,2645 837,2645 892,2646 946,2646 1001,2647 1055,2647 1110,2648 1164,2648 1219,2649 1273,2650 1328,2651 1328,2587 1273,2586 1219,2585 1164,2584 1110,2584 1055,2583 1001,2583 946,2582 892,2582 837,2581 783,2581 729,2581 674,2581 620,2581 565,2581 511,2581 456,2581 402,2581 347,2582 293,2582 239,2583"/>
                <Baseline points="239,2626 293,2625 347,2625 402,2624 456,2624 511,2624 565,2624 620,2624 674,2624 729,2624 783,2624 837,2624 892,2625 946,2625 1001,2626 1055,2626 1110,2627 1164,2627 1219,2628 1273,2629 1328,2630"/>
                <TextEquiv>
                    <Unicode>fant is print congie pour aser en ne q'</Unicode>
                </TextEquiv>
            </TextLine>
            <TextLine id="r1l26" custom="readingOrder {index:25;}">
                <Coords points="240,2739 294,2738 349,2737 404,2736 459,2736 514,2735 569,2735 624,2735 679,2735 734,2735 789,2736 843,2736 898,2736 953,2737 1008,2737 1063,2738 1118,2738 1173,2739 1228,2739 1283,2739 1338,2739 1338,2675 1283,2675 1228,2675 1173,2675 1118,2674 1063,2674 1008,2673 953,2673 898,2672 843,2672 789,2672 734,2671 679,2671 624,2671 569,2671 514,2671 459,2672 404,2672 349,2673 294,2674 240,2675"/>
                <Baseline points="240,2718 294,2717 349,2716 404,2715 459,2715 514,2714 569,2714 624,2714 679,2714 734,2714 789,2715 843,2715 898,2715 953,2716 1008,2716 1063,2717 1118,2717 1173,2718 1228,2718 1283,2718 1338,2718"/>
                <TextEquiv>
                    <Unicode>taine.Adonc fust esqsentine dosente</Unicode>
                </TextEquiv>
            </TextLine>
            <TextLine id="r1l27" custom="readingOrder {index:26;}">
                <Coords points="229,2825 284,2826 340,2826 395,2826 451,2826 506,2826 562,2826 617,2826 673,2827 728,2827 784,2827 839,2827 895,2827 950,2827 1006,2827 1061,2827 1117,2827 1172,2828 1228,2828 1283,2828 1339,2828 1339,2764 1283,2764 1228,2764 1172,2764 1117,2763 1061,2763 1006,2763 950,2763 895,2763 839,2763 784,2763 728,2763 673,2763 617,2762 562,2762 506,2762 451,2762 395,2762 340,2762 284,2762 229,2761"/>
                <Baseline points="229,2804 284,2805 340,2805 395,2805 451,2805 506,2805 562,2805 617,2805 673,2806 728,2806 784,2806 839,2806 895,2806 950,2806 1006,2806 1061,2806 1117,2806 1172,2807 1228,2807 1283,2807 1339,2807"/>
                <TextEquiv>
                    <Unicode>plus que iamais psaine de pseurs es</Unicode>
                </TextEquiv>
            </TextLine>
            <TextLine id="r1l28" custom="readingOrder {index:27;}">
                <Coords points="235,2917 289,2916 344,2915 399,2915 454,2915 509,2915 563,2915 618,2915 673,2915 728,2916 783,2916 837,2916 892,2917 947,2917 1002,2917 1057,2917 1111,2918 1166,2917 1221,2917 1276,2917 1331,2917 1331,2853 1276,2853 1221,2853 1166,2853 1111,2854 1057,2853 1002,2853 947,2853 892,2853 837,2852 783,2852 728,2852 673,2851 618,2851 563,2851 509,2851 454,2851 399,2851 344,2851 289,2852 235,2853"/>
                <Baseline points="235,2896 289,2895 344,2894 399,2894 454,2894 509,2894 563,2894 618,2894 673,2894 728,2895 783,2895 837,2895 892,2896 947,2896 1002,2896 1057,2896 1111,2897 1166,2896 1221,2896 1276,2896 1331,2896"/>
                <TextEquiv>
                    <Unicode>de gemissemens angoisseusp.Esse</Unicode>
                </TextEquiv>
            </TextLine>
            <TextLine id="r1l29" custom="readingOrder {index:28;}">
                <Coords points="235,3008 290,3007 345,3006 401,3005 456,3005 511,3005 567,3005 622,3005 677,3005 733,3005 788,3006 843,3006 899,3007 954,3007 1009,3008 1065,3008 1120,3009 1175,3009 1231,3009 1286,3009 1342,3008 1342,2944 1286,2945 1231,2945 1175,2945 1120,2945 1065,2944 1009,2944 954,2943 899,2943 843,2942 788,2942 733,2941 677,2941 622,2941 567,2941 511,2941 456,2941 401,2941 345,2942 290,2943 235,2944"/>
                <Baseline points="235,2987 290,2986 345,2985 401,2984 456,2984 511,2984 567,2984 622,2984 677,2984 733,2984 788,2985 843,2985 899,2986 954,2986 1009,2987 1065,2987 1120,2988 1175,2988 1231,2988 1286,2988 1342,2987"/>
                <TextEquiv>
                    <Unicode>mand  sasentui seques sint deuers</Unicode>
                </TextEquiv>
            </TextLine>
            <TextLine id="r1l30" custom="readingOrder {index:29;}">
                <Coords points="236,3097 293,3096 351,3095 409,3094 467,3094 525,3094 583,3094 640,3095 698,3095 756,3096 814,3096 872,3097 930,3098 987,3098 1045,3099 1103,3099 1161,3099 1219,3099 1277,3098 1335,3097 1335,3033 1277,3034 1219,3035 1161,3035 1103,3035 1045,3035 987,3034 930,3034 872,3033 814,3032 756,3032 698,3031 640,3031 583,3030 525,3030 467,3030 409,3030 351,3031 293,3032 236,3033"/>
                <Baseline points="236,3076 293,3075 351,3074 409,3073 467,3073 525,3073 583,3073 640,3074 698,3074 756,3075 814,3075 872,3076 930,3077 987,3077 1045,3078 1103,3078 1161,3078 1219,3078 1277,3077 1335,3076"/>
                <TextEquiv>
                    <Unicode>esse.puis sup ci dit sa sesse en plous</Unicode>
                </TextEquiv>
            </TextLine>
            <TextLine id="r1l31" custom="readingOrder {index:30;}">
                <Coords points="224,3187 279,3186 335,3186 390,3185 446,3185 501,3185 557,3185 612,3185 668,3185 723,3186 779,3186 834,3187 890,3187 945,3188 1001,3189 1056,3189 1112,3190 1167,3191 1223,3191 1278,3192 1334,3192 1334,3128 1278,3128 1223,3127 1167,3127 1112,3126 1056,3125 1001,3125 945,3124 890,3123 834,3123 779,3122 723,3122 668,3121 612,3121 557,3121 501,3121 446,3121 390,3121 335,3122 279,3122 224,3123"/>
                <Baseline points="224,3166 279,3165 335,3165 390,3164 446,3164 501,3164 557,3164 612,3164 668,3164 723,3165 779,3165 834,3166 890,3166 945,3167 1001,3168 1056,3168 1112,3169 1167,3170 1223,3170 1278,3171 1334,3171"/>
                <TextEquiv>
                    <Unicode>rant tendrement.Jes oẏsien que de</Unicode>
                </TextEquiv>
            </TextLine>
            <TextLine id="r1l32" custom="readingOrder {index:31;}">
                <Coords points="235,3275 290,3274 345,3274 400,3273 455,3273 510,3273 565,3273 620,3274 675,3274 730,3274 785,3275 840,3276 895,3276 950,3277 1005,3278 1060,3278 1115,3279 1170,3280 1225,3280 1280,3281 1335,3281 1335,3217 1280,3217 1225,3216 1170,3216 1115,3215 1060,3214 1005,3214 950,3213 895,3212 840,3212 785,3211 730,3210 675,3210 620,3210 565,3209 510,3209 455,3209 400,3209 345,3210 290,3210 235,3211"/>
                <Baseline points="235,3254 290,3253 345,3253 400,3252 455,3252 510,3252 565,3252 620,3253 675,3253 730,3253 785,3254 840,3255 895,3255 950,3256 1005,3257 1060,3257 1115,3258 1170,3259 1225,3259 1280,3260 1335,3260"/>
                <TextEquiv>
                    <Unicode>Goue iaiais ienauraẏ iope ne cons</Unicode>
                </TextEquiv>
            </TextLine>
            <TextLine id="r1l33" custom="readingOrder {index:32;}">
                <Coords points="253,3369 307,3367 361,3366 415,3365 469,3364 523,3364 577,3364 632,3364 686,3364 740,3365 794,3366 848,3367 902,3367 956,3368 1011,3369 1065,3370 1119,3370 1173,3371 1227,3371 1281,3371 1336,3371 1336,3307 1281,3307 1227,3307 1173,3307 1119,3306 1065,3306 1011,3305 956,3304 902,3303 848,3303 794,3302 740,3301 686,3300 632,3300 577,3300 523,3300 469,3300 415,3301 361,3302 307,3303 253,3305"/>
                <Baseline points="253,3348 307,3346 361,3345 415,3344 469,3343 523,3343 577,3343 632,3343 686,3343 740,3344 794,3345 848,3346 902,3346 956,3347 1011,3348 1065,3349 1119,3349 1173,3350 1227,3350 1281,3350 1336,3350"/>
                <TextEquiv>
                    <Unicode>os afion.Etque du tout pous estes</Unicode>
                </TextEquiv>
            </TextLine>
            <TextLine id="r1l34" custom="readingOrder {index:33;}">
                <Coords points="221,3454 276,3453 332,3453 387,3452 443,3452 498,3452 554,3453 609,3453 665,3454 720,3455 776,3456 832,3456 887,3457 943,3458 998,3459 1054,3460 1109,3460 1165,3461 1220,3461 1276,3461 1332,3461 1332,3397 1276,3397 1220,3397 1165,3397 1109,3396 1054,3396 998,3395 943,3394 887,3393 832,3392 776,3392 720,3391 665,3390 609,3389 554,3389 498,3388 443,3388 387,3388 332,3389 276,3389 221,3390"/>
                <Baseline points="221,3433 276,3432 332,3432 387,3431 443,3431 498,3431 554,3432 609,3432 665,3433 720,3434 776,3435 832,3435 887,3436 943,3437 998,3438 1054,3439 1109,3439 1165,3440 1220,3440 1276,3440 1332,3440"/>
                <TextEquiv>
                    <Unicode>desifere desaisser se paẏs de france.</Unicode>
                </TextEquiv>
            </TextLine>
            <TextLine id="r1l35" custom="readingOrder {index:34;}">
                <Coords points="253,3541 306,3541 360,3542 414,3542 468,3543 521,3544 575,3544 629,3544 683,3545 736,3545 790,3545 844,3546 898,3546 951,3546 1005,3547 1059,3547 1113,3547 1166,3548 1220,3548 1274,3549 1328,3549 1328,3485 1274,3485 1220,3484 1166,3484 1113,3483 1059,3483 1005,3483 951,3482 898,3482 844,3482 790,3481 736,3481 683,3481 629,3480 575,3480 521,3480 468,3479 414,3478 360,3478 306,3477 253,3477"/>
                <Baseline points="253,3520 306,3520 360,3521 414,3521 468,3522 521,3523 575,3523 629,3523 683,3524 736,3524 790,3524 844,3525 898,3525 951,3525 1005,3526 1059,3526 1113,3526 1166,3527 1220,3527 1274,3528 1328,3528"/>
                <TextEquiv>
                    <Unicode>Delae.Or pseust adieu que ce fust</Unicode>
                </TextEquiv>
            </TextLine>
            <TextLine id="r1l36" custom="readingOrder {index:35;}">
                <Coords points="231,3637 285,3636 340,3635 394,3635 449,3635 503,3635 558,3635 612,3636 667,3636 721,3636 776,3637 831,3638 885,3639 940,3639 994,3640 1049,3641 1103,3641 1158,3642 1212,3642 1267,3643 1322,3643 1322,3579 1267,3579 1212,3578 1158,3578 1103,3577 1049,3577 994,3576 940,3575 885,3575 831,3574 776,3573 721,3572 667,3572 612,3572 558,3571 503,3571 449,3571 394,3571 340,3571 285,3572 231,3573"/>
                <Baseline points="231,3616 285,3615 340,3614 394,3614 449,3614 503,3614 558,3614 612,3615 667,3615 721,3615 776,3616 831,3617 885,3618 940,3618 994,3619 1049,3620 1103,3620 1158,3621 1212,3621 1267,3622 1322,3622"/>
                <TextEquiv>
                    <Unicode>nion homeire de moẏ en aser quecgo'</Unicode>
                </TextEquiv>
            </TextLine>
            <TextLine id="r1l37" custom="readingOrder {index:36;}">
                <Coords points="221,3723 279,3722 338,3722 397,3722 456,3723 515,3723 574,3724 633,3725 692,3726 751,3727 809,3727 868,3728 927,3729 986,3730 1045,3730 1104,3730 1163,3730 1222,3729 1281,3729 1340,3727 1340,3663 1281,3665 1222,3665 1163,3666 1104,3666 1045,3666 986,3666 927,3665 868,3664 809,3663 751,3663 692,3662 633,3661 574,3660 515,3659 456,3659 397,3658 338,3658 279,3658 221,3659"/>
                <Baseline points="221,3702 279,3701 338,3701 397,3701 456,3702 515,3702 574,3703 633,3704 692,3705 751,3706 809,3706 868,3707 927,3708 986,3709 1045,3709 1104,3709 1163,3709 1222,3708 1281,3708 1340,3706"/>
                <TextEquiv>
                    <Unicode>Qir quisi dieu mes eusse secourir se</Unicode>
                </TextEquiv>
            </TextLine>
            <TextLine id="r1l38" custom="readingOrder {index:37;}">
                <Coords points="225,3817 280,3816 335,3816 390,3816 446,3816 501,3816 556,3817 611,3817 667,3818 722,3819 777,3820 832,3821 888,3822 943,3823 998,3824 1053,3825 1109,3826 1164,3827 1219,3828 1274,3828 1330,3828 1330,3764 1274,3764 1219,3764 1164,3763 1109,3762 1053,3761 998,3760 943,3759 888,3758 832,3757 777,3756 722,3755 667,3754 611,3753 556,3753 501,3752 446,3752 390,3752 335,3752 280,3752 225,3753"/>
                <Baseline points="225,3796 280,3795 335,3795 390,3795 446,3795 501,3795 556,3796 611,3796 667,3797 722,3798 777,3799 832,3800 888,3801 943,3802 998,3803 1053,3804 1109,3805 1164,3806 1219,3807 1274,3807 1330,3807"/>
                <TextEquiv>
                    <Unicode>lamass iaẏ qusfre homie a espoup</Unicode>
                </TextEquiv>
            </TextLine>
            <TextEquiv>
                <Unicode>de sa coifree de frace.car laẏ moust
fors grat desir de saisser se paile.Et
f aut cheue.cher coz q iamals naur cẏ
repos fanf que ie aẏe seouuesfe de fa
nere qui ne porfa.car freffoit is me
despsaist que sẏ fonguemient lahẏBes
moure sans auoir qui ie suis.Na
senti dist se Toẏ ne sous chaisse q'
fous soẏez.Qar assezsuis puiss ant
pour sous domer des Giens farges
menfef sous nonfer en homeur et
Gous fasre puissanfef fous ceuss de
mia courf.Et aussi chiersous fieg
coninie se sous essiez de mois propre
ang.Sire dist sasentus pour dieit
oit ef me pardomez.Qar de song
temps ie sapsoufu. "Quant seDoẏ
Oit que sasenfin esfoit du fout dest
" ere diseren aequifaine Pelus dons
na conge par fes conuenant quif surz
fist pronieffre de refouruer ẏers fuẏ
Apres q au ẏers cheuasier se seroit
coms ati.et se dieu supdome Sancee
etsie.Dasenfinsus pronnsf.eni par
fant is print congie pour aser en ne q'
taine.Adonc fust esqsentine dosente
plus que iamais psaine de pseurs es
de gemissemens angoisseusp.Esse
mand  sasentui seques sint deuers
esse.puis sup ci dit sa sesse en plous
rant tendrement.Jes oẏsien que de
Goue iaiais ienauraẏ iope ne cons
os afion.Etque du tout pous estes
desifere desaisser se paẏs de france.
Delae.Or pseust adieu que ce fust
nion homeire de moẏ en aser quecgo'
Qir quisi dieu mes eusse secourir se
lamass iaẏ qusfre homie a espoup</Unicode>
            </TextEquiv>
        </TextRegion>
        <TextRegion orientation="0.0" id="r2" custom="readingOrder {index:1;}">
            <Coords points="1426,420 1426,3839 2573,3839 2573,420"/>
            <TextLine id="r2l1" custom="readingOrder {index:0;}">
                <Coords points="1490,484 1543,486 1597,487 1650,488 1704,490 1758,490 1811,491 1865,492 1919,492 1972,493 2026,493 2080,494 2133,494 2187,494 2241,495 2294,495 2348,496 2402,496 2455,497 2509,497 2563,498 2563,434 2509,433 2455,433 2402,432 2348,432 2294,431 2241,431 2187,430 2133,430 2080,430 2026,429 1972,429 1919,428 1865,428 1811,427 1758,426 1704,426 1650,424 1597,423 1543,422 1490,420"/>
                <Baseline points="1490,463 1543,465 1597,466 1650,467 1704,469 1758,469 1811,470 1865,471 1919,471 1972,472 2026,472 2080,473 2133,473 2187,473 2241,474 2294,474 2348,475 2402,475 2455,476 2509,476 2563,477"/>
                <TextEquiv>
                    <Unicode>sors que sons.Iluis puis qus est</Unicode>
                </TextEquiv>
            </TextLine>
            <TextLine id="r2l2" custom="readingOrder {index:1;}">
                <Coords points="1471,574 1525,575 1579,576 1633,577 1688,578 1742,578 1796,579 1851,580 1905,581 1959,582 2014,583 2068,584 2122,584 2176,585 2231,586 2285,586 2339,587 2394,587 2448,588 2502,588 2557,588 2557,524 2502,524 2448,524 2394,523 2339,523 2285,522 2231,522 2176,521 2122,520 2068,520 2014,519 1959,518 1905,517 1851,516 1796,515 1742,514 1688,514 1633,513 1579,512 1525,511 1471,510"/>
                <Baseline points="1471,553 1525,554 1579,555 1633,556 1688,557 1742,557 1796,558 1851,559 1905,560 1959,561 2014,562 2068,563 2122,563 2176,564 2231,565 2285,565 2339,566 2394,566 2448,567 2502,567 2557,567"/>
                <TextEquiv>
                    <Unicode>ainsi que de ma sousenfe ie ne puis</Unicode>
                </TextEquiv>
            </TextLine>
            <TextLine id="r2l3" custom="readingOrder {index:2;}">
                <Coords points="1463,664 1517,665 1572,666 1626,667 1681,668 1736,669 1790,670 1845,671 1899,672 1954,673 2009,674 2063,674 2118,675 2172,675 2227,675 2282,676 2336,676 2391,676 2445,675 2500,675 2555,675 2555,611 2500,611 2445,611 2391,612 2336,612 2282,612 2227,611 2172,611 2118,611 2063,610 2009,610 1954,609 1899,608 1845,607 1790,606 1736,605 1681,604 1626,603 1572,602 1517,601 1463,600"/>
                <Baseline points="1463,643 1517,644 1572,645 1626,646 1681,647 1736,648 1790,649 1845,650 1899,651 1954,652 2009,653 2063,653 2118,654 2172,654 2227,654 2282,655 2336,655 2391,655 2445,654 2500,654 2555,654"/>
                <TextEquiv>
                    <Unicode>sser.Et que mon siper as arfitre est</Unicode>
                </TextEquiv>
            </TextLine>
            <TextLine id="r2l4" custom="readingOrder {index:3;}">
                <Coords points="1463,755 1518,756 1573,757 1628,758 1684,759 1739,759 1794,760 1849,760 1905,761 1960,761 2015,762 2070,762 2126,762 2181,762 2236,763 2291,763 2347,763 2402,764 2457,764 2512,765 2568,765 2568,704 2512,704 2457,703 2402,703 2347,702 2291,702 2236,702 2181,701 2126,701 2070,701 2015,701 1960,700 1905,700 1849,699 1794,699 1739,698 1684,698 1628,697 1573,696 1518,695 1463,694"/>
                <Baseline points="1463,735 1518,736 1573,737 1628,738 1684,739 1739,739 1794,740 1849,740 1905,741 1960,741 2015,742 2070,742 2126,742 2181,742 2236,743 2291,743 2347,743 2402,744 2457,744 2512,745 2568,745"/>
                <TextEquiv>
                    <Unicode>par quf fre puissance garDe.Et quil</Unicode>
                </TextEquiv>
            </TextLine>
            <TextLine id="r2l5" custom="readingOrder {index:4;}">
                <Coords points="1456,838 1511,841 1567,843 1622,845 1678,847 1733,848 1789,849 1844,850 1900,851 1955,851 2011,852 2067,852 2122,853 2178,853 2233,853 2289,853 2344,853 2400,853 2455,853 2511,853 2567,854 2567,793 2511,792 2455,792 2400,792 2344,792 2289,792 2233,792 2178,792 2122,792 2067,791 2011,791 1955,790 1900,790 1844,789 1789,788 1733,787 1678,786 1622,784 1567,782 1511,780 1456,777"/>
                <Baseline points="1456,818 1511,821 1567,823 1622,825 1678,827 1733,828 1789,829 1844,830 1900,831 1955,831 2011,832 2067,832 2122,833 2178,833 2233,833 2289,833 2344,833 2400,833 2455,833 2511,833 2567,834"/>
                <TextEquiv>
                    <Unicode>est sorce que se corps demeure parde</Unicode>
                </TextEquiv>
            </TextLine>
            <TextLine id="r2l6" custom="readingOrder {index:5;}">
                <Coords points="1467,937 1522,937 1577,937 1632,937 1687,937 1742,938 1797,938 1852,939 1907,939 1962,940 2017,941 2072,941 2127,942 2182,942 2237,943 2292,943 2347,944 2402,944 2457,944 2512,944 2567,944 2567,880 2512,880 2457,880 2402,880 2347,880 2292,879 2237,879 2182,878 2127,878 2072,877 2017,877 1962,876 1907,875 1852,875 1797,874 1742,874 1687,873 1632,873 1577,873 1522,873 1467,873"/>
                <Baseline points="1467,916 1522,916 1577,916 1632,916 1687,916 1742,917 1797,917 1852,918 1907,918 1962,919 2017,920 2072,920 2127,921 2182,921 2237,922 2292,922 2347,923 2402,923 2457,923 2512,923 2567,923"/>
                <TextEquiv>
                    <Unicode>cci.Mon cueur moncour age et soit</Unicode>
                </TextEquiv>
            </TextLine>
            <TextLine id="r2l7" custom="readingOrder {index:6;}">
                <Coords points="1469,1028 1524,1027 1579,1027 1634,1027 1689,1027 1744,1027 1799,1028 1855,1029 1910,1029 1965,1030 2020,1031 2075,1031 2130,1032 2185,1033 2241,1033 2296,1034 2351,1034 2406,1034 2461,1034 2516,1033 2572,1033 2572,969 2516,969 2461,970 2406,970 2351,970 2296,970 2241,969 2185,969 2130,968 2075,967 2020,967 1965,966 1910,965 1855,965 1799,964 1744,963 1689,963 1634,963 1579,963 1524,963 1469,964"/>
                <Baseline points="1469,1007 1524,1006 1579,1006 1634,1006 1689,1006 1744,1006 1799,1007 1855,1008 1910,1008 1965,1009 2020,1010 2075,1010 2130,1011 2185,1012 2241,1012 2296,1013 2351,1013 2406,1013 2461,1013 2516,1012 2572,1012"/>
                <TextEquiv>
                    <Unicode>sente asous serof amais ians nus</Unicode>
                </TextEquiv>
            </TextLine>
            <TextLine id="r2l8" custom="readingOrder {index:7;}">
                <Coords points="1460,1114 1515,1115 1571,1115 1626,1116 1682,1117 1738,1118 1793,1118 1849,1119 1905,1119 1960,1120 2016,1121 2072,1121 2127,1121 2183,1122 2239,1122 2294,1122 2350,1122 2406,1122 2461,1122 2517,1122 2573,1122 2573,1058 2517,1058 2461,1058 2406,1058 2350,1058 2294,1058 2239,1058 2183,1058 2127,1057 2072,1057 2016,1057 1960,1056 1905,1055 1849,1055 1793,1054 1738,1054 1682,1053 1626,1052 1571,1051 1515,1051 1460,1050"/>
                <Baseline points="1460,1093 1515,1094 1571,1094 1626,1095 1682,1096 1738,1097 1793,1097 1849,1098 1905,1098 1960,1099 2016,1100 2072,1100 2127,1100 2183,1101 2239,1101 2294,1101 2350,1101 2406,1101 2461,1101 2517,1101 2573,1101"/>
                <TextEquiv>
                    <Unicode>se auftre infenfionfors que damour</Unicode>
                </TextEquiv>
            </TextLine>
            <TextLine id="r2l9" custom="readingOrder {index:8;}">
                <Coords points="1464,1203 1519,1205 1574,1207 1629,1208 1684,1209 1739,1209 1794,1210 1850,1210 1905,1210 1960,1210 2015,1210 2070,1210 2125,1210 2180,1210 2236,1211 2291,1211 2346,1211 2401,1212 2456,1212 2511,1213 2567,1215 2567,1151 2511,1149 2456,1148 2401,1148 2346,1147 2291,1147 2236,1147 2180,1146 2125,1146 2070,1146 2015,1146 1960,1146 1905,1146 1850,1146 1794,1146 1739,1145 1684,1145 1629,1144 1574,1143 1519,1141 1464,1139"/>
                <Baseline points="1464,1182 1519,1184 1574,1186 1629,1187 1684,1188 1739,1188 1794,1189 1850,1189 1905,1189 1960,1189 2015,1189 2070,1189 2125,1189 2180,1189 2236,1190 2291,1190 2346,1190 2401,1191 2456,1191 2511,1192 2567,1194"/>
                <TextEquiv>
                    <Unicode>iusfe soẏasse etsosfit aire ie sous au'</Unicode>
                </TextEquiv>
            </TextLine>
            <TextLine id="r2l10" custom="readingOrder {index:9;}">
                <Coords points="1449,1295 1504,1296 1560,1297 1616,1298 1672,1299 1728,1299 1784,1300 1840,1300 1896,1300 1952,1301 2008,1301 2063,1301 2119,1301 2175,1301 2231,1301 2287,1301 2343,1301 2399,1302 2455,1302 2511,1303 2567,1303 2567,1239 2511,1239 2455,1238 2399,1238 2343,1237 2287,1237 2231,1237 2175,1237 2119,1237 2063,1237 2008,1237 1952,1237 1896,1236 1840,1236 1784,1236 1728,1235 1672,1235 1616,1234 1560,1233 1504,1232 1449,1231"/>
                <Baseline points="1449,1274 1504,1275 1560,1276 1616,1277 1672,1278 1728,1278 1784,1279 1840,1279 1896,1279 1952,1280 2008,1280 2063,1280 2119,1280 2175,1280 2231,1280 2287,1280 2343,1280 2399,1281 2455,1281 2511,1282 2567,1282"/>
                <TextEquiv>
                    <Unicode>merciẏ.Et qfin que asoz affaires</Unicode>
                </TextEquiv>
            </TextLine>
            <TextLine id="r2l11" custom="readingOrder {index:10;}">
                <Coords points="1462,1384 1517,1385 1572,1386 1627,1387 1683,1387 1738,1388 1793,1388 1848,1389 1904,1389 1959,1389 2014,1390 2069,1390 2125,1390 2180,1391 2235,1391 2290,1392 2346,1392 2401,1393 2456,1394 2511,1395 2567,1396 2567,1332 2511,1331 2456,1330 2401,1329 2346,1328 2290,1328 2235,1327 2180,1327 2125,1326 2069,1326 2014,1326 1959,1325 1904,1325 1848,1325 1793,1324 1738,1324 1683,1323 1627,1323 1572,1322 1517,1321 1462,1320"/>
                <Baseline points="1462,1363 1517,1364 1572,1365 1627,1366 1683,1366 1738,1367 1793,1367 1848,1368 1904,1368 1959,1368 2014,1369 2069,1369 2125,1369 2180,1370 2235,1370 2290,1371 2346,1371 2401,1372 2456,1373 2511,1374 2567,1375"/>
                <TextEquiv>
                    <Unicode>ef ne cessifezsous puissez secourir et</Unicode>
                </TextEquiv>
            </TextLine>
            <TextLine id="r2l12" custom="readingOrder {index:11;}">
                <Coords points="1481,1472 1535,1474 1589,1475 1643,1477 1697,1478 1751,1479 1805,1479 1860,1479 1914,1479 1968,1479 2022,1479 2076,1479 2130,1480 2184,1480 2239,1480 2293,1481 2347,1482 2401,1482 2455,1484 2509,1486 2564,1488 2564,1424 2509,1422 2455,1420 2401,1418 2347,1418 2293,1417 2239,1416 2184,1416 2130,1416 2076,1415 2022,1415 1968,1415 1914,1415 1860,1415 1805,1415 1751,1415 1697,1414 1643,1413 1589,1411 1535,1410 1481,1408"/>
                <Baseline points="1481,1451 1535,1453 1589,1454 1643,1456 1697,1457 1751,1458 1805,1458 1860,1458 1914,1458 1968,1458 2022,1458 2076,1458 2130,1459 2184,1459 2239,1459 2293,1460 2347,1461 2401,1461 2455,1463 2509,1465 2564,1467"/>
                <TextEquiv>
                    <Unicode>us uenir asoffre Indigence qu aint</Unicode>
                </TextEquiv>
            </TextLine>
            <TextLine id="r2l13" custom="readingOrder {index:12;}">
                <Coords points="1449,1563 1504,1564 1560,1566 1616,1566 1672,1567 1727,1568 1783,1568 1839,1569 1895,1569 1950,1569 2006,1569 2062,1569 2118,1570 2173,1570 2229,1570 2285,1571 2341,1571 2396,1572 2452,1573 2508,1574 2564,1576 2564,1512 2508,1510 2452,1509 2396,1508 2341,1507 2285,1507 2229,1506 2173,1506 2118,1506 2062,1505 2006,1505 1950,1505 1895,1505 1839,1505 1783,1504 1727,1504 1672,1503 1616,1502 1560,1502 1504,1500 1449,1499"/>
                <Baseline points="1449,1542 1504,1543 1560,1545 1616,1545 1672,1546 1727,1547 1783,1547 1839,1548 1895,1548 1950,1548 2006,1548 2062,1548 2118,1549 2173,1549 2229,1549 2285,1550 2341,1550 2396,1551 2452,1552 2508,1553 2564,1555"/>
                <TextEquiv>
                    <Unicode>sous aurezneceffite secẏ sa cief de</Unicode>
                </TextEquiv>
            </TextLine>
            <TextLine id="r2l14" custom="readingOrder {index:13;}">
                <Coords points="1447,1655 1502,1656 1558,1656 1614,1656 1670,1657 1726,1657 1781,1658 1837,1658 1893,1658 1949,1659 2005,1659 2060,1660 2116,1660 2172,1661 2228,1662 2284,1663 2339,1664 2395,1665 2451,1666 2507,1667 2563,1669 2563,1605 2507,1603 2451,1602 2395,1601 2339,1600 2284,1599 2228,1598 2172,1597 2116,1596 2060,1596 2005,1595 1949,1595 1893,1594 1837,1594 1781,1594 1726,1593 1670,1593 1614,1592 1558,1592 1502,1592 1447,1591"/>
                <Baseline points="1447,1634 1502,1635 1558,1635 1614,1635 1670,1636 1726,1636 1781,1637 1837,1637 1893,1637 1949,1638 2005,1638 2060,1639 2116,1639 2172,1640 2228,1641 2284,1642 2339,1643 2395,1644 2451,1645 2507,1646 2563,1648"/>
                <TextEquiv>
                    <Unicode>nion escrun que iesous presenfe.pre</Unicode>
                </TextEquiv>
            </TextLine>
            <TextLine id="r2l15" custom="readingOrder {index:14;}">
                <Coords points="1445,1744 1499,1745 1554,1746 1609,1747 1664,1748 1719,1748 1774,1748 1829,1749 1884,1749 1939,1750 1994,1750 2048,1750 2103,1751 2158,1751 2213,1751 2268,1752 2323,1752 2378,1752 2433,1753 2488,1754 2543,1755 2543,1691 2488,1690 2433,1689 2378,1688 2323,1688 2268,1688 2213,1687 2158,1687 2103,1687 2048,1686 1994,1686 1939,1686 1884,1685 1829,1685 1774,1684 1719,1684 1664,1684 1609,1683 1554,1682 1499,1681 1445,1680"/>
                <Baseline points="1445,1723 1499,1724 1554,1725 1609,1726 1664,1727 1719,1727 1774,1727 1829,1728 1884,1728 1939,1729 1994,1729 2048,1729 2103,1730 2158,1730 2213,1730 2268,1731 2323,1731 2378,1731 2433,1732 2488,1733 2543,1734"/>
                <TextEquiv>
                    <Unicode>nes or ef argent a ẏoffresousente.</Unicode>
                </TextEquiv>
            </TextLine>
            <TextLine id="r2l16" custom="readingOrder {index:15;}">
                <Coords points="1453,1834 1508,1834 1563,1835 1619,1836 1674,1837 1729,1837 1785,1838 1840,1839 1895,1840 1951,1841 2006,1841 2061,1842 2117,1843 2172,1843 2227,1843 2283,1844 2338,1844 2393,1844 2449,1844 2504,1844 2560,1843 2560,1779 2504,1780 2449,1780 2393,1780 2338,1780 2283,1780 2227,1779 2172,1779 2117,1779 2061,1778 2006,1777 1951,1777 1895,1776 1840,1775 1785,1774 1729,1773 1674,1773 1619,1772 1563,1771 1508,1770 1453,1770"/>
                <Baseline points="1453,1813 1508,1813 1563,1814 1619,1815 1674,1816 1729,1816 1785,1817 1840,1818 1895,1819 1951,1820 2006,1820 2061,1821 2117,1822 2172,1822 2227,1822 2283,1823 2338,1823 2393,1823 2449,1823 2504,1823 2560,1822"/>
                <TextEquiv>
                    <Unicode>car qses Na dequoẏ.Mad ame dnst</Unicode>
                </TextEquiv>
            </TextLine>
            <TextLine id="r2l17" custom="readingOrder {index:16;}">
                <Coords points="1459,1927 1516,1926 1574,1926 1632,1926 1690,1927 1748,1927 1806,1928 1863,1928 1921,1929 1979,1930 2037,1931 2095,1931 2153,1932 2210,1933 2268,1934 2326,1934 2384,1935 2442,1936 2500,1936 2558,1936 2558,1872 2500,1872 2442,1872 2384,1871 2326,1870 2268,1870 2210,1869 2153,1868 2095,1867 2037,1867 1979,1866 1921,1865 1863,1864 1806,1864 1748,1863 1690,1863 1632,1862 1574,1862 1516,1862 1459,1863"/>
                <Baseline points="1459,1906 1516,1905 1574,1905 1632,1905 1690,1906 1748,1906 1806,1907 1863,1907 1921,1908 1979,1909 2037,1910 2095,1910 2153,1911 2210,1912 2268,1913 2326,1913 2384,1914 2442,1915 2500,1915 2558,1915"/>
                <TextEquiv>
                    <Unicode>Dcisenfin.dozne dargent ie naẏ ens</Unicode>
                </TextEquiv>
            </TextLine>
            <TextLine id="r2l18" custom="readingOrder {index:17;}">
                <Coords points="1453,2016 1508,2016 1563,2016 1618,2016 1673,2017 1728,2017 1783,2018 1838,2018 1893,2019 1948,2019 2004,2020 2059,2021 2114,2021 2169,2022 2224,2023 2279,2024 2334,2024 2389,2025 2444,2026 2499,2027 2555,2028 2555,1964 2499,1963 2444,1962 2389,1961 2334,1960 2279,1960 2224,1959 2169,1958 2114,1957 2059,1957 2004,1956 1948,1955 1893,1955 1838,1954 1783,1954 1728,1953 1673,1953 1618,1952 1563,1952 1508,1952 1453,1952"/>
                <Baseline points="1453,1995 1508,1995 1563,1995 1618,1995 1673,1996 1728,1996 1783,1997 1838,1997 1893,1998 1948,1998 2004,1999 2059,2000 2114,2000 2169,2001 2224,2002 2279,2003 2334,2003 2389,2004 2444,2005 2499,2006 2555,2007"/>
                <TextEquiv>
                    <Unicode>uẏe fors seusement que fr op me fars</Unicode>
                </TextEquiv>
            </TextLine>
            <TextLine id="r2l19" custom="readingOrder {index:18;}">
                <Coords points="1451,2104 1506,2104 1561,2105 1616,2105 1671,2106 1726,2106 1781,2106 1836,2107 1891,2108 1946,2108 2001,2109 2056,2110 2111,2110 2166,2111 2221,2112 2276,2113 2331,2114 2386,2115 2441,2117 2496,2118 2551,2119 2551,2055 2496,2054 2441,2053 2386,2051 2331,2050 2276,2049 2221,2048 2166,2047 2111,2046 2056,2046 2001,2045 1946,2044 1891,2044 1836,2043 1781,2042 1726,2042 1671,2042 1616,2041 1561,2041 1506,2040 1451,2040"/>
                <Baseline points="1451,2083 1506,2083 1561,2084 1616,2084 1671,2085 1726,2085 1781,2085 1836,2086 1891,2087 1946,2087 2001,2088 2056,2089 2111,2089 2166,2090 2221,2091 2276,2092 2331,2093 2386,2094 2441,2096 2496,2097 2551,2098"/>
                <TextEquiv>
                    <Unicode>De que ie ne scaẏ qui ie suis.et sachez</Unicode>
                </TextEquiv>
            </TextLine>
            <TextLine id="r2l20" custom="readingOrder {index:19;}">
                <Coords points="1451,2193 1506,2194 1561,2194 1616,2195 1671,2195 1726,2196 1781,2197 1836,2197 1891,2197 1946,2198 2001,2199 2056,2199 2111,2200 2166,2201 2221,2202 2276,2203 2331,2204 2386,2205 2441,2207 2496,2209 2551,2211 2551,2147 2496,2145 2441,2143 2386,2141 2331,2140 2276,2139 2221,2138 2166,2137 2111,2136 2056,2135 2001,2135 1946,2134 1891,2133 1836,2133 1781,2133 1726,2132 1671,2131 1616,2131 1561,2130 1506,2130 1451,2129"/>
                <Baseline points="1451,2172 1506,2173 1561,2173 1616,2174 1671,2174 1726,2175 1781,2176 1836,2176 1891,2176 1946,2177 2001,2178 2056,2178 2111,2179 2166,2180 2221,2181 2276,2182 2331,2183 2386,2184 2441,2186 2496,2188 2551,2190"/>
                <TextEquiv>
                    <Unicode>que dune chose ie suie fort esmerueiē</Unicode>
                </TextEquiv>
            </TextLine>
            <TextLine id="r2l21" custom="readingOrder {index:20;}">
                <Coords points="1442,2285 1496,2285 1551,2285 1606,2285 1661,2286 1716,2286 1770,2286 1825,2287 1880,2287 1935,2288 1990,2288 2044,2289 2099,2290 2154,2291 2209,2291 2264,2293 2318,2294 2373,2296 2428,2297 2483,2299 2538,2301 2538,2237 2483,2235 2428,2233 2373,2232 2318,2230 2264,2229 2209,2227 2154,2227 2099,2226 2044,2225 1990,2224 1935,2224 1880,2223 1825,2223 1770,2222 1716,2222 1661,2222 1606,2221 1551,2221 1496,2221 1442,2221"/>
                <Baseline points="1442,2264 1496,2264 1551,2264 1606,2264 1661,2265 1716,2265 1770,2265 1825,2266 1880,2266 1935,2267 1990,2267 2044,2268 2099,2269 2154,2270 2209,2270 2264,2272 2318,2273 2373,2275 2428,2276 2483,2278 2538,2280"/>
                <TextEquiv>
                    <Unicode>se cest que ie porte ẏne crois sursess</Unicode>
                </TextEquiv>
            </TextLine>
            <TextLine id="r2l22" custom="readingOrder {index:21;}">
                <Coords points="1447,2375 1502,2375 1557,2376 1612,2376 1667,2377 1722,2377 1777,2377 1832,2378 1887,2378 1942,2379 1997,2379 2052,2380 2107,2381 2162,2382 2217,2383 2272,2384 2327,2385 2382,2387 2437,2388 2492,2391 2548,2393 2548,2329 2492,2327 2437,2324 2382,2323 2327,2321 2272,2320 2217,2319 2162,2318 2107,2317 2052,2316 1997,2315 1942,2315 1887,2314 1832,2314 1777,2313 1722,2313 1667,2313 1612,2312 1557,2312 1502,2311 1447,2311"/>
                <Baseline points="1447,2354 1502,2354 1557,2355 1612,2355 1667,2356 1722,2356 1777,2356 1832,2357 1887,2357 1942,2358 1997,2358 2052,2359 2107,2360 2162,2361 2217,2362 2272,2363 2327,2364 2382,2366 2437,2367 2492,2370 2548,2372"/>
                <TextEquiv>
                    <Unicode>paufe tout cunsi ianne que se fi Or</Unicode>
                </TextEquiv>
            </TextLine>
            <TextLine id="r2l23" custom="readingOrder {index:22;}">
                <Coords points="1445,2466 1499,2466 1554,2467 1608,2467 1663,2467 1717,2468 1772,2468 1826,2469 1881,2469 1935,2470 1990,2471 2044,2472 2099,2473 2153,2474 2208,2475 2262,2475 2317,2477 2371,2478 2426,2479 2480,2480 2535,2482 2535,2418 2480,2416 2426,2415 2371,2414 2317,2413 2262,2411 2208,2411 2153,2410 2099,2409 2044,2408 1990,2407 1935,2406 1881,2405 1826,2405 1772,2404 1717,2404 1663,2403 1608,2403 1554,2403 1499,2402 1445,2402"/>
                <Baseline points="1445,2445 1499,2445 1554,2446 1608,2446 1663,2446 1717,2447 1772,2447 1826,2448 1881,2448 1935,2449 1990,2450 2044,2451 2099,2452 2153,2453 2208,2454 2262,2454 2317,2456 2371,2457 2426,2458 2480,2459 2535,2461"/>
                <TextEquiv>
                    <Unicode>ie ne scaẏdonc ies signe me peust ses</Unicode>
                </TextEquiv>
            </TextLine>
            <TextLine id="r2l24" custom="readingOrder {index:23;}">
                <Coords points="1435,2555 1489,2555 1543,2555 1597,2556 1651,2556 1706,2556 1760,2557 1814,2558 1868,2558 1922,2559 1977,2560 2031,2561 2085,2562 2139,2563 2193,2564 2248,2566 2302,2567 2356,2569 2410,2570 2464,2572 2519,2573 2519,2509 2464,2508 2410,2506 2356,2505 2302,2503 2248,2502 2193,2500 2139,2499 2085,2498 2031,2497 1977,2496 1922,2495 1868,2494 1814,2494 1760,2493 1706,2492 1651,2492 1597,2492 1543,2491 1489,2491 1435,2491"/>
                <Baseline points="1435,2534 1489,2534 1543,2534 1597,2535 1651,2535 1706,2535 1760,2536 1814,2537 1868,2537 1922,2538 1977,2539 2031,2540 2085,2541 2139,2542 2193,2543 2248,2545 2302,2546 2356,2548 2410,2549 2464,2551 2519,2552"/>
                <TextEquiv>
                    <Unicode>nir pourf ant suls desipere de narreS</Unicode>
                </TextEquiv>
            </TextLine>
            <TextLine id="r2l25" custom="readingOrder {index:24;}">
                <Coords points="1442,2646 1496,2646 1551,2646 1605,2646 1660,2647 1715,2647 1769,2647 1824,2648 1879,2649 1933,2650 1988,2651 2043,2652 2097,2653 2152,2654 2207,2655 2261,2656 2316,2657 2371,2658 2425,2660 2480,2661 2535,2662 2535,2598 2480,2597 2425,2596 2371,2594 2316,2593 2261,2592 2207,2591 2152,2590 2097,2589 2043,2588 1988,2587 1933,2586 1879,2585 1824,2584 1769,2583 1715,2583 1660,2583 1605,2582 1551,2582 1496,2582 1442,2582"/>
                <Baseline points="1442,2625 1496,2625 1551,2625 1605,2625 1660,2626 1715,2626 1769,2626 1824,2627 1879,2628 1933,2629 1988,2630 2043,2631 2097,2632 2152,2633 2207,2634 2261,2635 2316,2636 2371,2637 2425,2639 2480,2640 2535,2641"/>
                <TextEquiv>
                    <Unicode>fer iamals tant que de manatunte</Unicode>
                </TextEquiv>
            </TextLine>
            <TextLine id="r2l26" custom="readingOrder {index:25;}">
                <Coords points="1447,2734 1501,2735 1555,2735 1610,2736 1664,2737 1719,2737 1773,2738 1827,2739 1882,2740 1936,2741 1991,2742 2045,2743 2099,2744 2154,2745 2208,2746 2263,2748 2317,2749 2371,2750 2426,2751 2480,2751 2535,2752 2535,2688 2480,2687 2426,2687 2371,2686 2317,2685 2263,2684 2208,2682 2154,2681 2099,2680 2045,2679 1991,2678 1936,2677 1882,2676 1827,2675 1773,2674 1719,2673 1664,2673 1610,2672 1555,2671 1501,2671 1447,2670"/>
                <Baseline points="1447,2713 1501,2714 1555,2714 1610,2715 1664,2716 1719,2716 1773,2717 1827,2718 1882,2719 1936,2720 1991,2721 2045,2722 2099,2723 2154,2724 2208,2725 2263,2727 2317,2728 2371,2729 2426,2730 2480,2730 2535,2731"/>
                <TextEquiv>
                    <Unicode>ie puisse auoir cognoisS ance:Aoieĩ</Unicode>
                </TextEquiv>
            </TextLine>
            <TextLine id="r2l27" custom="readingOrder {index:26;}">
                <Coords points="1435,2825 1489,2825 1544,2826 1599,2827 1654,2828 1709,2829 1763,2830 1818,2831 1873,2832 1928,2832 1983,2833 2037,2835 2092,2836 2147,2837 2202,2838 2257,2838 2311,2840 2366,2840 2421,2841 2476,2842 2531,2843 2531,2779 2476,2778 2421,2777 2366,2776 2311,2776 2257,2774 2202,2774 2147,2773 2092,2772 2037,2771 1983,2769 1928,2768 1873,2768 1818,2767 1763,2766 1709,2765 1654,2764 1599,2763 1544,2762 1489,2761 1435,2761"/>
                <Baseline points="1435,2804 1489,2804 1544,2805 1599,2806 1654,2807 1709,2808 1763,2809 1818,2810 1873,2811 1928,2811 1983,2812 2037,2814 2092,2815 2147,2816 2202,2817 2257,2817 2311,2819 2366,2819 2421,2820 2476,2821 2531,2822"/>
                <TextEquiv>
                    <Unicode>sous dẏ mad'ame ef poir moẏ psus</Unicode>
                </TextEquiv>
            </TextLine>
            <TextLine id="r2l28" custom="readingOrder {index:27;}">
                <Coords points="1437,2917 1491,2916 1545,2916 1600,2916 1654,2916 1709,2917 1763,2918 1817,2918 1872,2919 1926,2920 1981,2922 2035,2923 2089,2924 2144,2926 2198,2927 2253,2929 2307,2930 2361,2931 2416,2932 2470,2933 2525,2935 2525,2871 2470,2869 2416,2868 2361,2867 2307,2866 2253,2865 2198,2863 2144,2862 2089,2860 2035,2859 1981,2858 1926,2856 1872,2855 1817,2854 1763,2854 1709,2853 1654,2852 1600,2852 1545,2852 1491,2852 1437,2853"/>
                <Baseline points="1437,2896 1491,2895 1545,2895 1600,2895 1654,2895 1709,2896 1763,2897 1817,2897 1872,2898 1926,2899 1981,2901 2035,2902 2089,2903 2144,2905 2198,2906 2253,2908 2307,2909 2361,2910 2416,2911 2470,2912 2525,2914"/>
                <TextEquiv>
                    <Unicode>ne psourez par sa foẏ de mon corps</Unicode>
                </TextEquiv>
            </TextLine>
            <TextLine id="r2l29" custom="readingOrder {index:28;}">
                <Coords points="1459,3004 1512,3005 1565,3006 1618,3006 1672,3007 1725,3008 1778,3009 1832,3010 1885,3011 1938,3012 1992,3013 2045,3014 2098,3015 2151,3016 2205,3017 2258,3018 2311,3019 2365,3020 2418,3021 2471,3022 2525,3023 2525,2959 2471,2958 2418,2957 2365,2956 2311,2955 2258,2954 2205,2953 2151,2952 2098,2951 2045,2950 1992,2949 1938,2948 1885,2947 1832,2946 1778,2945 1725,2944 1672,2943 1618,2942 1565,2942 1512,2941 1459,2940"/>
                <Baseline points="1459,2983 1512,2984 1565,2985 1618,2985 1672,2986 1725,2987 1778,2988 1832,2989 1885,2990 1938,2991 1992,2992 2045,2993 2098,2994 2151,2995 2205,2996 2258,2997 2311,2998 2365,2999 2418,3000 2471,3001 2525,3002"/>
                <TextEquiv>
                    <Unicode>e dieus cust que ie soẏedusieusenir</Unicode>
                </TextEquiv>
            </TextLine>
            <TextLine id="r2l30" custom="readingOrder {index:29;}">
                <Coords points="1443,3096 1497,3096 1551,3096 1605,3096 1660,3096 1714,3097 1768,3098 1823,3098 1877,3100 1931,3100 1986,3102 2040,3103 2094,3104 2148,3105 2203,3107 2257,3108 2311,3109 2366,3110 2420,3112 2474,3113 2529,3114 2529,3050 2474,3049 2420,3048 2366,3046 2311,3045 2257,3044 2203,3043 2148,3041 2094,3040 2040,3039 1986,3038 1931,3036 1877,3036 1823,3034 1768,3034 1714,3033 1660,3032 1605,3032 1551,3032 1497,3032 1443,3032"/>
                <Baseline points="1443,3075 1497,3075 1551,3075 1605,3075 1660,3075 1714,3076 1768,3077 1823,3077 1877,3079 1931,3079 1986,3081 2040,3082 2094,3083 2148,3084 2203,3086 2257,3087 2311,3088 2366,3089 2420,3091 2474,3092 2529,3093"/>
                <TextEquiv>
                    <Unicode>que ie puisse missement estre digne</Unicode>
                </TextEquiv>
            </TextLine>
            <TextLine id="r2l31" custom="readingOrder {index:30;}">
                <Coords points="1441,3185 1495,3185 1550,3186 1605,3186 1660,3187 1715,3188 1769,3188 1824,3189 1879,3190 1934,3192 1989,3192 2043,3194 2098,3195 2153,3196 2208,3197 2263,3198 2317,3199 2372,3200 2427,3201 2482,3202 2537,3203 2537,3139 2482,3138 2427,3137 2372,3136 2317,3135 2263,3134 2208,3133 2153,3132 2098,3131 2043,3130 1989,3128 1934,3128 1879,3126 1824,3125 1769,3124 1715,3124 1660,3123 1605,3122 1550,3122 1495,3121 1441,3121"/>
                <Baseline points="1441,3164 1495,3164 1550,3165 1605,3165 1660,3166 1715,3167 1769,3167 1824,3168 1879,3169 1934,3171 1989,3171 2043,3173 2098,3174 2153,3175 2208,3176 2263,3177 2317,3178 2372,3179 2427,3180 2482,3181 2537,3182"/>
                <TextEquiv>
                    <Unicode>ensaseur ou siguage de soffre egs</Unicode>
                </TextEquiv>
            </TextLine>
            <TextLine id="r2l32" custom="readingOrder {index:31;}">
                <Coords points="1435,3279 1489,3279 1543,3279 1598,3279 1652,3279 1707,3280 1761,3280 1815,3281 1870,3282 1924,3283 1979,3283 2033,3284 2087,3285 2142,3286 2196,3287 2251,3288 2305,3289 2359,3290 2414,3291 2468,3292 2523,3293 2523,3229 2468,3228 2414,3227 2359,3226 2305,3225 2251,3224 2196,3223 2142,3222 2087,3221 2033,3220 1979,3219 1924,3219 1870,3218 1815,3217 1761,3216 1707,3216 1652,3215 1598,3215 1543,3215 1489,3215 1435,3215"/>
                <Baseline points="1435,3258 1489,3258 1543,3258 1598,3258 1652,3258 1707,3259 1761,3259 1815,3260 1870,3261 1924,3262 1979,3262 2033,3263 2087,3264 2142,3265 2196,3266 2251,3267 2305,3268 2359,3269 2414,3270 2468,3271 2523,3272"/>
                <TextEquiv>
                    <Unicode>fracfion.Jamais ie nauras ci fema</Unicode>
                </TextEquiv>
            </TextLine>
            <TextLine id="r2l33" custom="readingOrder {index:32;}">
                <Coords points="1426,3370 1480,3370 1535,3370 1589,3370 1644,3371 1699,3371 1753,3371 1808,3372 1863,3372 1917,3373 1972,3374 2027,3375 2081,3376 2136,3377 2191,3378 2245,3379 2300,3380 2355,3381 2409,3383 2464,3384 2519,3385 2519,3321 2464,3320 2409,3319 2355,3317 2300,3316 2245,3315 2191,3314 2136,3313 2081,3312 2027,3311 1972,3310 1917,3309 1863,3308 1808,3308 1753,3307 1699,3307 1644,3307 1589,3306 1535,3306 1480,3306 1426,3306"/>
                <Baseline points="1426,3349 1480,3349 1535,3349 1589,3349 1644,3350 1699,3350 1753,3350 1808,3351 1863,3351 1917,3352 1972,3353 2027,3354 2081,3355 2136,3356 2191,3357 2245,3358 2300,3359 2355,3360 2409,3362 2464,3363 2519,3364"/>
                <TextEquiv>
                    <Unicode>me ne espouse qiftre que sous.Et</Unicode>
                </TextEquiv>
            </TextLine>
            <TextLine id="r2l34" custom="readingOrder {index:33;}">
                <Coords points="1437,3459 1491,3460 1545,3460 1599,3460 1653,3460 1707,3461 1761,3461 1815,3461 1869,3461 1923,3462 1978,3462 2032,3463 2086,3463 2140,3464 2194,3466 2248,3467 2302,3469 2356,3471 2410,3473 2464,3476 2519,3479 2519,3416 2464,3413 2410,3410 2356,3408 2302,3406 2248,3404 2194,3403 2140,3401 2086,3400 2032,3400 1978,3399 1923,3399 1869,3398 1815,3398 1761,3398 1707,3398 1653,3397 1599,3397 1545,3397 1491,3397 1437,3396"/>
                <Baseline points="1437,3438 1491,3439 1545,3439 1599,3439 1653,3439 1707,3440 1761,3440 1815,3440 1869,3440 1923,3441 1978,3441 2032,3442 2086,3442 2140,3443 2194,3445 2248,3446 2302,3448 2356,3450 2410,3452 2464,3455 2519,3458"/>
                <TextEquiv>
                    <Unicode>qinsi se ie freuue q ie ne soie digne de</Unicode>
                </TextEquiv>
            </TextLine>
            <TextLine id="r2l35" custom="readingOrder {index:34;}">
                <Coords points="1433,3552 1487,3551 1541,3550 1596,3549 1650,3549 1705,3550 1759,3550 1813,3551 1868,3552 1922,3553 1977,3554 2031,3555 2085,3557 2140,3558 2194,3559 2249,3561 2303,3562 2357,3563 2412,3564 2466,3565 2521,3565 2521,3502 2466,3502 2412,3501 2357,3500 2303,3499 2249,3498 2194,3496 2140,3495 2085,3494 2031,3492 1977,3491 1922,3490 1868,3489 1813,3488 1759,3487 1705,3487 1650,3486 1596,3486 1541,3487 1487,3488 1433,3489"/>
                <Baseline points="1433,3531 1487,3530 1541,3529 1596,3528 1650,3528 1705,3529 1759,3529 1813,3530 1868,3531 1922,3532 1977,3533 2031,3534 2085,3536 2140,3537 2194,3538 2249,3540 2303,3541 2357,3542 2412,3543 2466,3544 2521,3544"/>
                <TextEquiv>
                    <Unicode>Dol quoir a feme par fausie de sausō</Unicode>
                </TextEquiv>
            </TextLine>
            <TextLine id="r2l36" custom="readingOrder {index:35;}">
                <Coords points="1436,3643 1490,3642 1544,3641 1599,3640 1653,3640 1708,3640 1762,3640 1816,3641 1871,3642 1925,3643 1980,3643 2034,3645 2088,3646 2143,3647 2197,3648 2252,3649 2306,3650 2360,3651 2415,3652 2469,3653 2524,3654 2524,3591 2469,3590 2415,3589 2360,3588 2306,3587 2252,3586 2197,3585 2143,3584 2088,3583 2034,3582 1980,3580 1925,3580 1871,3579 1816,3578 1762,3577 1708,3577 1653,3577 1599,3577 1544,3578 1490,3579 1436,3580"/>
                <Baseline points="1436,3622 1490,3621 1544,3620 1599,3619 1653,3619 1708,3619 1762,3619 1816,3620 1871,3621 1925,3622 1980,3622 2034,3624 2088,3625 2143,3626 2197,3627 2252,3628 2306,3629 2360,3630 2415,3631 2469,3632 2524,3633"/>
                <TextEquiv>
                    <Unicode>feur de signasge deso'nesousdzoẏe</Unicode>
                </TextEquiv>
            </TextLine>
            <TextLine id="r2l37" custom="readingOrder {index:36;}">
                <Coords points="1427,3728 1482,3729 1537,3729 1592,3729 1647,3730 1702,3730 1757,3731 1812,3732 1867,3733 1922,3734 1978,3735 2033,3736 2088,3737 2143,3738 2198,3739 2253,3740 2308,3741 2363,3743 2418,3744 2473,3745 2529,3747 2529,3684 2473,3682 2418,3681 2363,3680 2308,3678 2253,3677 2198,3676 2143,3675 2088,3674 2033,3673 1978,3672 1922,3671 1867,3670 1812,3669 1757,3668 1702,3667 1647,3667 1592,3666 1537,3666 1482,3666 1427,3665"/>
                <Baseline points="1427,3707 1482,3708 1537,3708 1592,3708 1647,3709 1702,3709 1757,3710 1812,3711 1867,3712 1922,3713 1978,3714 2033,3715 2088,3716 2143,3717 2198,3718 2253,3719 2308,3720 2363,3722 2418,3723 2473,3724 2529,3726"/>
                <TextEquiv>
                    <Unicode>effresoffre nuarẏ.car au feps auenir</Unicode>
                </TextEquiv>
            </TextLine>
            <TextLine id="r2l38" custom="readingOrder {index:37;}">
                <Coords points="1437,3824 1491,3824 1546,3823 1600,3823 1655,3823 1709,3824 1764,3824 1818,3825 1873,3826 1927,3826 1982,3827 2037,3828 2091,3830 2146,3831 2200,3832 2255,3833 2309,3835 2364,3836 2418,3837 2473,3838 2528,3839 2528,3775 2473,3774 2418,3773 2364,3772 2309,3771 2255,3769 2200,3768 2146,3767 2091,3766 2037,3764 1982,3763 1927,3762 1873,3762 1818,3761 1764,3760 1709,3760 1655,3759 1600,3759 1546,3759 1491,3760 1437,3760"/>
                <Baseline points="1437,3803 1491,3803 1546,3802 1600,3802 1655,3802 1709,3803 1764,3803 1818,3804 1873,3805 1927,3805 1982,3806 2037,3807 2091,3809 2146,3810 2200,3811 2255,3812 2309,3814 2364,3815 2418,3816 2473,3817 2528,3818"/>
                <TextEquiv>
                    <Unicode>ses enuẏeus demsderoiet qSont ses</Unicode>
                </TextEquiv>
            </TextLine>
            <TextEquiv>
                <Unicode>sors que sons.Iluis puis qus est
ainsi que de ma sousenfe ie ne puis
sser.Et que mon siper as arfitre est
par quf fre puissance garDe.Et quil
est sorce que se corps demeure parde
cci.Mon cueur moncour age et soit
sente asous serof amais ians nus
se auftre infenfionfors que damour
iusfe soẏasse etsosfit aire ie sous au'
merciẏ.Et qfin que asoz affaires
ef ne cessifezsous puissez secourir et
us uenir asoffre Indigence qu aint
sous aurezneceffite secẏ sa cief de
nion escrun que iesous presenfe.pre
nes or ef argent a ẏoffresousente.
car qses Na dequoẏ.Mad ame dnst
Dcisenfin.dozne dargent ie naẏ ens
uẏe fors seusement que fr op me fars
De que ie ne scaẏ qui ie suis.et sachez
que dune chose ie suie fort esmerueiē
se cest que ie porte ẏne crois sursess
paufe tout cunsi ianne que se fi Or
ie ne scaẏdonc ies signe me peust ses
nir pourf ant suls desipere de narreS
fer iamals tant que de manatunte
ie puisse auoir cognoisS ance:Aoieĩ
sous dẏ mad'ame ef poir moẏ psus
ne psourez par sa foẏ de mon corps
e dieus cust que ie soẏedusieusenir
que ie puisse missement estre digne
ensaseur ou siguage de soffre egs
fracfion.Jamais ie nauras ci fema
me ne espouse qiftre que sous.Et
qinsi se ie freuue q ie ne soie digne de
Dol quoir a feme par fausie de sausō
feur de signasge deso'nesousdzoẏe
effresoffre nuarẏ.car au feps auenir
ses enuẏeus demsderoiet qSont ses</Unicode>
            </TextEquiv>
        </TextRegion>
    </Page>
</PcGts>
