3448 4640
846 444 1967 538 messaigiers qui eurent la charge de
852 538 1959 630 les porter par tout le pays iusques
848 628 1967 719 a douze royaulmes crestiēs et en fu¬
848 719 1965 807 rent les nouuelles publiees et ma¬
857 827 1201 903 gnifestees.
944 987 1965 1079 Comment plusieurs cheualiers
851 1079 1975 1172 sy vindrent en acquitaine pour cui¬
868 1172 1975 1268 der auoir la belle fezonne. xvi. cha
1145 2752 1998 2824 N celuy temps durant les
1148 2844 2005 2920 triesues Le roy pepin de frā
872 2863 915 2935 e
1149 2934 2009 3009 ce sy estoit ale contre les en¬
874 3023 2007 3112 nemys deuers lyon acompaigne de
897 3118 1988 3203 soixante mil. hommes et tant fist
886 3209 1997 3289 quil chassa et mist a descōfiture vng
884 3301 2006 3383 roy nomme lempatris: leques encon
891 3392 2005 3475 tre pepin les payens et sarrasins cō
888 3482 2004 3567 duisoit en moult grande puissance.
886 3578 1999 3656 celuy lempatris estoit roy de saines
886 3662 1999 3746 et de hollande et de frise. et auec ce il
895 3751 2013 3839 tenoit le pays de monemarche qͥ es¬
891 3850 2013 3934 toit vne ville forte et puissante: en la
2062 413 3176 503 quelle se retrahirent les paiens pour
