3300 4516
268 437 1375 532 Et quant les gardes du champ lōt
268 522 1381 637 entendu vng moult noble chevalier qͥ
269 611 1379 711 de ce faire auoit la charge vint tan¬
260 699 1373 811 tost deuers grigar et luy demāda q̄l
266 792 1367 903 le chose il demandoit. Lors luy dist
269 884 1371 1003 grigar. sire faictes descendre le roy
262 971 1373 1096 pepin. Car ie veul deuant tous dire
259 1061 1371 1158 et confesser la faulcete de mon cas.
265 1152 1370 1274 Adonc la chose fust signifiee au roy
276 1257 1370 1367 lequel descendit du palays et entra
267 1340 1369 1458 ou champ pour grigar oyr et enten¬
272 1428 885 1581 dre plus clerement.
346 1599 1385 1730 Comment grigar apres ce que il
275 1698 1383 1807 fut conquis et vaincus par orson con
274 1782 1372 1906 fessa au roy la trahyson de hauffroy
260 1868 1372 1995 et de henrẏ contre valentin ainsi fai
1070 1968 1357 2088 xix. chap̄
246 1964 392 2067 cte.
529 3366 1378 3496 Dant grigar a veu le Roy
552 3476 1387 3592 il luy a crye mercy en luy di
533 3552 1386 3681 sant helas sire trop ay fail¬
260 3662 1398 3763 ly vers vostre haulte magnificence
279 3758 1389 3864 mais a ce ma contraint hauffroy et
1467 432 2586 540 henry son frere. Car pour complai¬
1456 533 2574 655 re a leurs voulentez ie me sui per¬
1471 623 2566 734 force de Valentin prendre et mettre
1464 711 2563 823 a mort cruelle. Et fi ay tant fait de
1466 799 2557 931 diligence que en vne forest ie lay prīs
1455 876 2572 984 et tenu de si pres quil est contraint a
1459 974 2551 1091 tenir prison tant que par entre vo⁹
1482 1061 2576 1175 foit delibere et regarde de q̄lle mort
1468 1154 2561 1263 il deura mourrir et etre iuge. Quāt
1454 1242 2571 1360 le roy entendit les nouuelles et la ue
1457 1332 2567 1459 rite de cette chose Il commanda que
1451 1422 2572 1527 grigar fust prins et pendu puis mō
1458 1513 2576 1612 nta a cheval pour aler vers la prison
1463 1604 2575 1723 en laquelle estoit valentin. Et quāt
1458 1693 2573 1813 orson aperceut que le roy fust a che¬
1454 1784 2583 1890 min mis avec quatre ducz et quatre
1458 1864 2572 1974 contes dont il estoit richement acom
1464 1971 2574 2079 paigne. Il va deuant en monstrant
1463 2049 2582 2168 le lieu ou valentin fust prins moult
1460 2148 2562 2263 droit le mena et aloit plus que vng
1463 2227 2578 2357 cheval ne pouoit aler. et tant fait de
1450 2312 2563 2426 nanieres sauvaiges que toute la cō
1466 2415 2574 2526 paignie souvent faisoit rire. Et dist
