2481 1749
1107 70 1159 95 No.
1182 70 1372 95 XIII—XVI.

353 140 460 179 mina]
502 140 716 180 dignitatum
757 145 914 179 potesta¬

352 186 426 212 tum
478 181 760 221 seculariumque
805 182 914 213 domi-

351 222 515 254 nancium
546 223 581 254 in
612 222 785 264 principio
819 223 911 255 clau¬

353 265 510 295 sularum
557 266 690 295 debent
735 266 840 295 scribi
878 266 913 295 in

351 306 523 345 principio
553 307 721 337 diccionis
747 318 826 337 cum
856 307 911 337 lit¬

354 352 430 380 tera
445 347 597 389 capitali,
620 348 777 380 maxima
800 348 835 380 in
858 348 912 380 lit¬

352 394 429 420 tera
453 391 585 421 curiali.

970 151 1076 180 quam
1134 142 1329 177 hominum,
1386 142 1529 171 nomina

969 183 1080 214 eciam
1103 182 1208 215 officii
1230 190 1265 214 et
1288 182 1470 223 dignitatis
1493 189 1528 215 et

967 224 1140 265 principia
1166 225 1402 257 clausularum
1427 234 1527 256 secu-

969 267 1094 296 larium
1118 267 1376 297 dominandum
1395 267 1527 297 debent

968 308 1075 338 scribi
1109 318 1186 338 cum
1226 309 1345 339 littera
1383 308 1527 346 capitali

968 355 1002 381 et
1015 348 1170 381 maxime
1188 347 1236 391 [in
1250 346 1380 392 littera]
1396 347 1525 381 curiali.

1011 445 1049 478 (II
1060 446 1106 478 71)
1126 448 1187 470 Mes
1213 448 1274 478 q’en
1292 448 1317 470 la
1338 445 1419 470 moite
1445 445 1478 468 de
1499 446 1526 469 Ia

967 489 1066 506 resoun
1096 490 1164 507 vouz
1197 483 1250 507 frez
1285 491 1330 507 vos
1362 484 1458 514 poyntz
1491 481 1524 505 dc

967 517 1193 550 counstr[uccion]
1216 523 1296 550 quant
1315 525 1380 541 vous
1392 517 1475 539 devez
1488 521 1526 540 at¬

966 553 1060 577 tendre
1081 562 1142 578 sanz
1162 554 1319 578 faire»lettre
1338 552 1457 584 capitale.

1578 153 1683 182 quam
1707 143 1895 178 hominum,
1919 144 2063 173 nomina

1953 185 2135 224 dignitatis

1578 273 1613 298 et
1635 267 1808 307 principia
1825 268 2061 297 clausularum
2076 269 2135 298 de¬

1576 311 1662 339 bent
1682 308 1786 339 scribi
1804 319 1881 338 cum
1901 310 2019 340 littera
2042 310 2135 349 capi¬

1576 350 1646 382 tali,

1624 447 1657 478 (C
1671 448 1731 480 xoi)
1765 447 1819 470 Sed
1846 446 1873 469 in
1900 448 1990 471 medio
2021 450 2135 473 racionis

1576 483 1699 517 Iacict[is]
1726 484 1818 514 duo(s)
1842 486 1944 514 puncta,
1963 483 2021 508 sine
2044 484 2135 518 incep-

1575 521 1654 544 cione
1674 528 1732 544 cum
1752 518 1858 550 capitali
1877 518 1966 542 littera
1988 523 2038 544 ctc.

1601 600 1642 626 (CO
1650 600 1684 627 35)
1694 601 1750 621 Item
1757 598 1962 626 (quandocumque)
1968 599 2042 620 diccio
2049 600 2135 626 scripta

1575 633 1616 652 per
1626 626 1728 648 litteram
1741 625 1863 652 capitalem
1877 623 1945 645 aliam
1959 624 2055 647 habebit
2066 625 2134 652 signi*

1575 652 1709 672 iicacionem
1722 658 1789 676 quam
1807 650 1886 670 eadem
1908 649 1982 669 diccio
1992 651 2079 676 scripta
2095 659 2135 676 per

1574 683 1666 703 parvam
1691 676 1791 698 litteram
1813 673 1876 696 verbî
1899 674 1978 700 gracia
2002 683 2034 698 un
2054 678 2135 698 counte

1574 703 1696 727 counte(e),
1710 704 1750 723 dei
1760 701 1832 723 Count
1845 701 1873 720 de
1887 701 1931 721 tiel
1942 702 2051 726 Counte\e
2058 703 2087 726 ?],
2101 710 2133 722 un

1574 728 1622 754 J\oy
1634 734 1662 748 as
1662 729 1673 749 s
1674 729 1706 749 ist
1719 734 1750 749 un
1763 733 1804 754 roy
1817 729 1862 746 etc.

237 780 328 820 XIV
396 780 435 820 (H
451 782 492 809 80
516 778 570 811 CO
583 779 637 820 37)
679 782 757 809 Item
793 788 850 818 pro
879 779 962 807 nulla
993 780 1093 809 littera
1115 790 1172 818 per
1202 790 1234 808 se
1263 782 1393 814 excepto
1419 788 1446 807 m
1470 782 1566 808 debet
1590 781 1694 809 titulus
1719 781 1806 809 scribi
1829 779 1886 806 nisi
1907 779 1938 805 in
1964 780 2054 807 certis
2081 782 2137 809 ad¬

348 824 470 861 jectivis
495 824 526 852 in
547 825 660 862 quibus
682 824 785 860 plures
810 823 911 851 littere
934 828 1066 857 possunt
1088 824 1215 860 intelligi
1239 825 1269 848 et
1292 819 1391 849 eciam
1414 831 1470 859 pro
1494 824 1722 851 consuetudine
1745 822 1779 851 ut
1799 822 1888 849 dahir
1911 825 1969 849 etc.

393 876 435 914 (H
451 877 492 905 81
520 874 574 908 CO
587 876 642 915 38)
682 878 761 906 Item
797 876 1061 914 quandocumque
1093 879 1124 905 in
1158 879 1258 914 aliqua
1281 874 1424 905 diccione
1448 878 1552 905 titulus
1577 878 1681 914 plures
1713 878 1829 906 litteras
1866 876 2027 905 contineat
2055 879 2136 906 bene

352 922 458 957 potest
480 919 582 954 scribi,
611 919 777 948 scribendo
801 919 922 948 titulum
945 925 1037 954 super
1062 920 1195 948 litteram
1218 925 1286 946 cum
1311 925 1374 955 qua
1399 919 1498 947 diccio
1521 920 1638 955 poterit
1658 920 1768 948 melius
1791 917 1990 947 determinari
2012 929 2053 948 ne
2067 920 2137 949 titu¬

352 963 397 990 lus
421 963 509 990 aliter
534 959 690 1000 [factus?]
716 972 808 999 quam
843 961 1011 990 communis
1047 964 1161 990 modus
1197 960 1290 995 exigit
1325 963 1546 990 modernorum
1574 963 1763 992 intellectum
1786 960 1908 989 lectoris
1933 963 2017 991 nullo
2041 965 2137 991 modo

353 1004 511 1033 obscurat.

251 1047 335 1097 XV
391 1046 930 1097 (T20) Item quandoque n
353 1084 923 1140 (m) in aliqua diccione sequitur
1015 1045 1529 1095 (H 82) Item quandocumque
971 1084 1531 1135 hec littera n scribitur post g, non
1618 1042 2141 1099 (CO 30) Item quamdocumque
1582 1085 2140 1137 hec littera n scribitur immediate
