2481 1749
263 114 337 145 XII

254 1025 345 1058 XIII

403 111 447 151 (T
464 114 514 151 io)
541 110 632 154 Item
665 122 730 154 que
762 111 820 153 vel
854 109 919 153 qui

361 153 545 184 consuevit
579 155 660 185 olim
700 152 809 184 scribi
840 162 917 184 cum

360 194 383 225 k
406 197 602 228 secundum
624 204 726 226 usum
749 200 917 231 veterem,

362 238 427 269 sed
477 238 670 271 secundum
725 239 918 268 modernos

362 277 599 312 commutatur
619 277 641 308 k
665 279 699 320 in
713 289 734 320 q

664 365 825 404 exceptis
839 372 922 404 pro¬

362 406 449 446 priis
481 405 679 438 nominibus
718 411 753 437 et
789 415 921 447 cogno¬

363 449 515 481 minibus
533 449 634 488 verbi
657 447 782 488 gracia

363 490 540 534 Katerync
564 489 605 522 de
624 488 793 532 Kyrkeby.

413 1028 457 1067 (T
474 1029 523 1067 16)
535 1028 927 1067 Itemnotandumquod

372 1070 489 1103 omnia
512 1070 658 1111 propria
680 1069 832 1106 nomina,
852 1068 926 1110 [no-

1017 272 1067 311 (H
1082 277 1135 318 27)
1159 278 1200 307 Et
1221 272 1396 303 altrefoithe
1420 272 1532 301 solonc

972 318 1002 346 le
1023 318 1129 357 Latyn
1151 325 1185 356 ut
1206 317 1246 356 qi,
1271 324 1343 349 cum,
1369 324 1412 352 qe,

1021 356 1068 397 (H
1083 362 1137 400 28)
1162 363 1178 391 k
1201 366 1241 395 en
1263 365 1394 395 propres
1410 364 1533 385 nonnes

975 402 1032 430 dez
1067 402 1208 434 hommes
1242 403 1274 428 et
1309 399 1397 427 villes
1442 407 1534 427 come

978 483 1122 517 Kaierine
1145 485 1401 525 Kyngesmoriotm
1427 486 1460 513 et
1478 482 1536 512 hu-

972 523 1145 570 jus[modi].

1023 1025 1073 1064 (H
1086 1027 1139 1065 70)
1162 1026 1254 1056 Item
1273 1025 1390 1055 omnia
1400 1024 1544 1053 nomina

985 1072 1020 1099 et
1047 1067 1263 1107 cognomina
1290 1071 1363 1098 tam
1386 1066 1543 1097 locorum

1627 104 1695 146 (CO
1708 105 1762 144 46)
1785 107 1865 143 Item
1888 108 1923 143 qi
1935 117 1969 143 qe
1980 112 2056 142 qant
2068 117 2141 137 con¬

1584 153 1753 178 sueverunt
1764 148 1856 178 scribi
1872 147 1928 185 per
1941 147 1969 181 k,
1984 149 2043 175 sed
2057 150 2142 184 apud

1585 193 1755 221 modernos
1788 189 1925 219 mutatur
1958 189 1975 217 k
2002 190 2035 226 in
2062 198 2079 226 q
2111 195 2145 216 ut

1585 235 1695 262 melius
1730 234 1903 262 concordet
1929 241 2000 260 cum
2029 231 2142 259 Latino

1586 275 1658 313 quia
1680 275 1697 303 k
1723 284 1787 304 non
1802 273 1954 312 reperitur
1969 273 2000 310 in
2013 272 2143 310 qtiando,

1586 319 1663 355 quis,
1697 318 1783 354 quod.
1831 313 1898 354 (60
1912 314 1966 353 47)
2001 315 2082 344 Item
2114 315 2146 343 in

1587 360 1718 397 propriis
1751 359 1930 387 nominibus
1963 362 1996 386 et
2028 365 2146 394 cogno¬

1587 402 1721 431 minibus
1746 404 1810 430 tam
1827 401 1965 430 locorum
1981 409 2075 437 quam
2090 398 2145 428 ho¬

1587 445 1704 472 minum
1729 440 1878 479 debe(n)t
1899 442 1991 471 scribi
2015 440 2113 478 (cum)
2129 441 2146 467 k

1589 484 1624 515 ut
1648 484 1799 520 Kaierine,
1825 484 1907 514 dame
1931 485 1964 513 de
1988 482 2147 522 Knapioun

1589 525 1631 564 (0
1658 526 1848 565 Kamplotm).

1629 583 1671 606 (CO
1681 582 1715 607 48)
1727 581 1786 602 Item
1796 589 1839 602 car
1851 586 1875 601 et
1886 581 1930 601 alie
1942 580 2057 600 dicciones
2068 579 2091 600 in.
2101 578 2148 605 qui¬

1589 608 1631 635 bus
1646 615 1660 635 q
1673 613 1718 628 non
1733 606 1846 634 reperitur
1861 606 1882 628 in
1896 604 1984 628 Latinis
2002 609 2027 627 ut
2039 611 2103 631 nam,
2117 604 2139 627 in

1590 635 1722 654 differenter
1735 638 1832 658 possunt
1847 633 1915 653 scribi
1931 639 1981 652 cum
1993 639 2006 652 c
2018 632 2056 652 vel
2072 638 2122 656 cum
2135 639 2149 656 q

1590 659 1619 679 ad
1633 659 1774 679 voluntatem
1788 657 1914 684 scriptoris.

1631 697 1672 722 (CO
1682 696 1717 721 98)
1733 696 1792 722 Item
1804 703 1832 722 qe
1845 693 1980 722 conjunccio
1995 693 2151 715 indifferenter

1590 726 1669 749 potest
1683 720 1752 748 scribi
1766 729 1788 752 q.
1799 722 1835 747 vel
1846 727 1879 747 qe,
1898 720 1978 750 sed^r
1998 719 2069 740 debet
2081 718 2150 740 scribi

1590 749 1638 769 sine
1654 747 1721 769 titulo
1737 746 1836 773 positum
1852 744 2023 771 interrogative,
2038 744 2080 771 sed
2096 745 2152 771 qucl

1592 779 1616 799 et
1629 774 1704 799 quelle
1718 772 1805 793 debent
1818 772 1886 793 scribi
1904 770 2009 792 relative,

1633 810 1700 837 (C*99)
1728 810 1788 831 Item
1806 810 1927 835 aliquando
1952 808 2037 829 relacio
2060 813 2107 828 tam
2130 807 2152 827 in

1591 837 1697 860 Anglicis
1726 842 1791 860 quam
1816 835 1837 864 in
1852 859 1857 864 <
1866 834 1961 855 Gallicis
1987 833 2079 858 ponitur
2101 838 2152 852 con¬

1590 861 1703 889 junctive,
1717 860 1782 886 verbi
1795 859 1874 886 gracia
1888 860 1927 882 the
1939 865 2031 881 womati
2040 858 2094 880 that
2103 864 2154 879 was

1589 888 1718 914 yesturday
1740 890 1767 907 at
1792 887 1927 912 Oxonforde
1952 888 1977 905 or
2000 885 2039 905 the
2062 891 2153 905 woman

1594 913 1668 939 ivyl/ee
1681 918 1731 937 was
1739 913 1866 937 yesturday
1880 913 1906 932 at
1922 910 2056 936 Oxonforde
2070 910 2107 929 vel
2120 908 2153 930 sic

1595 940 1620 960 la
1632 938 1725 963 femme
1741 945 1756 963 q
1774 939 1841 958 estait
1855 944 1883 963 ou
1898 937 1987 963 q'cstoit
2000 936 2052 956 hier
2065 943 2080 956 a
2096 936 2154 956 Oxo-

1595 964 1632 984 nie
1641 963 1670 989 (?)
1686 964 1723 986 [au
1737 964 1761 982 la
1769 963 1861 988 femme
1875 964 1900 987 la
1915 962 1980 987 quele
1993 962 2016 980 es
2017 960 2061 980 toit
2073 960 2126 980 hier
2139 967 2154 980 a

1597 989 1685 1011 Oxonie
1690 987 1731 1016 (?)]

1642 1023 1680 1062 (6
1698 1022 1770 1064 100)
1782 1022 1872 1053 Item
1880 1021 1999 1052 omnia
2011 1020 2155 1051 nomina

1597 1065 1648 1106 [et
1664 1064 1889 1105 cognomina]
1911 1068 1984 1094 tam
1994 1064 2156 1093 locorum
